2664 4800
354 386 360 397 ι
369 386 376 395 ι
383 384 392 395 ι
400 384 408 395 ι
415 380 439 397 n
446 373 945 399 unuuwuuwtmwbmmm
952 372 1275 396 mmmmmmm

704 690 773 755 EX

207 950 627 1079 BROTERll
683 950 1274 1080 PRAEFATIONE

237 1314 240 1318 ·
287 1276 336 1365 C.
370 1273 570 1361 PLINII
604 1274 759 1361 VITA
791 1274 871 1361 ET
905 1276 1182 1368 SCRIPTA.

483 1529 989 1567 ...η-ψ

202 1723 271 1839 Μ
283 1786 457 1834 eximunt
480 1765 617 1832 Nature
633 1788 736 1856 opus,
754 1761 888 1845 caelum,
909 1778 1031 1852 terras,
1047 1767 1197 1839 homines
1216 1772 1273 1841 ho

199 1874 390 1965 minumque
411 1872 556 1965 ingenia,
579 1869 706 1937 infinita
724 1869 933 1956 animalium,
954 1871 1150 1960 herbarum,
1167 1878 1270 1948 mcdi-

198 1982 414 2071 cinarumque
436 1999 575 2071 genero,
596 1973 712 2044 vitales
732 1999 893 2069 aquarum
915 1977 1041 2067 sontes,
1061 1982 1270 2053 metallorum

199 2110 293 2179 opes,
309 2082 454 2178 lapidum
468 2084 657 2164 varietates,
674 2083 794 2150 artium
811 2081 986 2171 miracula,
999 2111 1271 2185 gemmarumque

198 2191 319 2261 decora
341 2188 569 2283 complexum,
584 2186 702 2256 edere¹
722 2212 762 2255 eo
781 2186 933 2258 libentius
953 2193 1146 2287 aggredior,
1160 2197 1271 2289 quod,

197 2323 300 2392 quum
318 2299 351 2364 in
373 2298 474 2366 Corn.
490 2297 604 2364 Tacito
613 2292 636 2378 ²,
654 2294 733 2387 quid
748 2297 977 2364 Romanorum
998 2299 1175 2392 prudentio
1195 2302 1270 2372 illu·

197 2406 295 2473 strius
315 2428 354 2472 ac
376 2401 578 2497 splendidius
595 2401 768 2484 hahuerit,
786 2401 999 2490 ostenderim,
1023 2405 1056 2472 in
1079 2409 1117 2475 C.
1140 2402 1271 2497 Plinio,

198 2511 278 2604 quid
288 2534 404 2579 corum
413 2507 553 2578 eniditio
571 2508 772 2601 scientiaque
782 2509 935 2577 Historiae
947 2510 1115 2581 Naturalis
1133 2513 1270 2586 uberius

198 2632 296 2710 atquc
319 2615 581 2711 magnificentius
599 2613 788 2709 collegerit,
800 2639 874 2683 sum
892 2619 1132 2710 propositurus.
1150 2622 1270 2691 Certus

198 2748 331 2817 quoquc
344 2724 378 2791 in
392 2722 444 2790 his
459 2721 588 2789 duobus
606 2722 812 2814 potissimum
825 2719 915 2788 libris
931 2725 1191 2820 contineri,quae
1203 2754 1270 2797 mo

200 2855 250 2897 res
272 2830 452 2912 instruant,
474 2842 514 2895 ct'
528 2828 630 2894 vitam
645 2826 807 2895 erudiant.

252 2935 352 3002 Caius
373 2932 497 3000 Plinius
517 2931 707 3016 Secundus,
721 2934 805 3000 tanti
818 2936 927 3028 operis
938 2937 1096 3028 scriptor,
1109 2953 1205 3009 nutus
1219 2956 1270 3011 est

198 3043 236 3109 C.
259 3040 371 3108 Asinio
390 3036 538 3106 Pollione
556 3052 589 3106 et
608 3040 646 3108 C.
665 3040 807 3107 Antistio
822 3042 946 3110 Vetere
957 3042 1164 3131 consulibus,
1179 3069 1269 3116 anno

199 3146 298 3214 Urbis
320 3144 460 3215 conditae
483 3129 689 3229 occnxxvi³,
706 3147 783 3213 iesu
797 3145 921 3214 Christi
941 3146 1000 3217 23.
1017 3150 1070 3217 De
1086 3150 1156 3244 ejus
1175 3168 1268 3222 nata·

240 3369 265 3403 1.
276 3350 432 3402 Broteriona
442 3347 523 3401 Plinii
536 3346 619 3400 editio
632 3347 734 3419 prodiit
745 3349 852 3403 Parisiis
861 3367 933 3403 anno
944 3350 1032 3420 1776,
1042 3370 1096 3406 sex
1105 3356 1164 3409 voi.
1175 3354 1269 3426 iren,

198 3432 322 3500 interque
336 3428 461 3481 classicos
474 3445 490 3480 a
505 3427 673 3499 typographo
688 3429 803 3481 Bsnnou
818 3428 945 3483 collectos
966 3431 1097 3501 insignem
1111 3433 1203 3489 locum
1223 3456 1269 3491 oc·

197 3519 277 3580 cupat
290 3528 296 3562 z
307 3508 341 3560 de
354 3527 408 3578 qua
422 3507 500 3580 pluro
516 3506 682 3560 disserentur
695 3508 724 3560 in
739 3508 866 3579 catologo
880 3509 1041 3566 editionum.
1054 3514 1106 3567 En.

239 3606 266 3641 2.
288 3590 428 3653 Quantum
442 3604 530 3657 operm
543 3587 637 3639 Tacito
654 3583 816 3640 illustrando
832 3588 979 3643 contulerit
998 3592 1128 3645 immensa
1149 3595 1267 3650 Broterii

198 3668 316 3721 eruditio
335 3686 366 3720 uc
383 3665 537 3739 perelegans
552 3667 706 3735 ingenium,
724 3684 756 3719 ex
775 3679 866 3721 nostro
880 3669 969 3722 Taciti
987 3668 1106 3725 editione
1121 3671 1205 3728 discet
1218 3678 1267 3747 qui

198 3748 303 3817 egregia
315 3747 448 3799 librorum
462 3744 665 3815 deperditorum
679 3746 867 3817 supplementa
878 3758 904 3800 et
917 3748 1053 3804 consertos
1067 3753 1094 3803 in
1109 3753 1211 3807 ultimis
1223 3773 1269 3808 ro·

199 3826 347 3879 luminibus
362 3826 566 3877 annotationum
583 3824 723 3877 thesauros
733 3825 808 3878 otlire
819 3845 850 3878 oc
865 3828 1018 3898 persolvere
1029 3831 1152 3886 uoluerit.
1177 3836 1230 3889 En.

241 3905 267 3960 3.
281 3908 361 3958 Hunc
375 3922 477 3957 annum
489 3904 545 3975 ipse
557 3904 674 3968 Plinius,
691 3904 725 3956 de
736 3923 802 3957 novo
817 3909 948 3976 equestris
961 3909 1065 3963 ordinis
1073 3913 1268 3967 constitutione

198 3984 326 4056 loquens,
345 3984 392 4038 lib.
414 4001 521 4047 xxxin,
535 4002 594 4054 cup.
611 4000 643 4051 α,
661 3983 763 4037 Tiberii
785 3986 896 4038 Caesaris
916 4005 1020 4043 nonum
1038 3990 1170 4062 appellat,
1183 3993 1267 4047 Urbis
