2664 4800
244 355 285 423 C.
313 354 474 424 PLlNlI
502 356 618 424 VITA
644 356 706 423 ET
731 353 952 423 SCRIPTA.
1073 373 1129 419 xm

57 488 174 557 Romae
182 483 399 580 splendorem
415 486 607 557 deduxerat.
621 492 662 557 ln
672 470 1130 581 Vespasianiiamiliaritatem

57 593 223 677 adscitus,
243 617 345 686 quum
360 617 420 687 per
438 591 524 662 diem
545 593 676 689 publica
698 591 898 687 implevisset
917 589 1057 675 officia',
1071 615 1130 657 no·

57 713 111 767 ctu
126 698 246 769 adibat
265 700 448 793 principem
460 698 482 787 ²,
497 703 554 794 qui
576 715 610 770 et
628 702 698 795 ipse
714 700 831 768 diurna
851 696 980 792 imperii
1000 698 1131 790 negotia

58 803 243 877 indefessus
257 806 456 894 sustinebat,
467 807 620 876 noctibus
632 807 693 876 sibi
708 804 885 898 amicisque
894 818 928 872 et
937 801 1051 871 litteris
1065 816 1131 870 ute·

57 910 164 979 batur.

107 1018 150 1084 ln
167 1015 236 1085 hae
257 1015 446 1087 dulcissima
464 1021 621 1116 principis
633 1020 804 1106 societate,
824 1041 923 1111 quarn
940 1015 1006 1083 Titi
1021 1016 1129 1083 Caesa·

58 1124 101 1192 ris
134 1122 329 1193 humanitas
358 1123 583 1213 exhilarabat,
614 1125 807 1194 meditatum
839 1147 947 1216 opns,
974 1121 1129 1237 prasenti

58 1242 249 1322 temporum
269 1227 425 1299 felicitate
439 1230 679 1325 dignissimum
697 1233 741 1298 Vi
756 1229 951 1324 eloquentiae
964 1240 998 1294 et
1011 1228 1128 1295 carmi·

59 1359 137 1401 num
158 1333 268 1428 gloria
290 1359 392 1429 supra
407 1335 649 1406 aemulationem
668 1351 782 1406 evecta
798 1336 907 1404 suerat
919 1335 1036 1401 Roma.
1052 1333 1130 1400 Una

57 1455 232 1534 supererat
247 1443 397 1525 Natura,
416 1444 575 1513 Romanis
593 1468 686 1538 paene
704 1427 843 1511 intacta³
847 1492 855 1524 ‚
874 1464 973 1533 quam
993 1462 1129 1506 noscere

57 1569 238 1614 aornmune
255 1561 305 1616 est
319 1561 450 1633 votum,
469 1548 654 1618 describere
674 1574 758 1643 opus
774 1545 1012 1616 difficillimum.
1023 1547 1067 1612 At
1082 1568 1131 1611 ar·

57 1651 122 1720 duo
142 1677 248 1746 opere
267 1677 360 1721 inens
377 1652 472 1722 Plinii
494 1655 671 1736 excelsior,
692 1681 760 1724 non
776 1668 886 1747 partes
906 1665 1050 1731 tantum,
1071 1649 1129 1717 sed

57 1760 102 1825 rei
122 1758 379 1828 immensitatem
399 1759 548 1853 amplexa
570 1776 629 1830 cst.
649 1760 743 1828 lllarn
760 1783 891 1853 quoque
910 1777 947 1824 ut
967 1771 1128 1850 praestan-

58 1865 174 1932 tiorem
192 1879 294 1956 atque
312 1866 475 1935 utiliorem
495 1867 631 1952 faceret,
648 1865 850 1961 singularam
871 1888 980 1932 rerum
994 1876 1128 1930 naturas

57 1994 239 2063 carumque
257 1969 412 2039 utilitates
435 1988 626 2064 persecutus
645 1987 712 2057 cst,
729 1987 815 2040 artes
831 1997 906 2040 cum
924 1972 995 2063 ipsa
1010 1984 1128 2035 natura

58 2090 222 2144 certantes
247 2080 329 2144 mira
351 2077 545 2147 dexteritate
565 2079 756 2172 descripsit,
773 2093 806 2146 et
827 2080 913 2146 inter
935 2091 985 2145 tot
1003 2089 1129 2142 natura

58 2183 246 2275 artiumque
261 2181 417 2251 miracala
435 2185 603 2252 hominem
620 2211 678 2280 per
694 2187 831 2252 virtutes
850 2199 883 2252 et
898 2184 975 2250 vitia
993 2182 1129 2249 miracu-

58 2285 124 2354 lum
145 2287 256 2380 majus
276 2313 406 2383 semper
423 2291 579 2359 exhibuit.
600 2294 708 2384 Opus,
726 2292 780 2358 cui
804 2314 863 2384 par
885 2314 993 2356 rerum
1013 2285 1127 2379 ampli·

58 2393 194 2477 tudine,
214 2394 374 2463 doctrinae
396 2399 506 2490 copia,
537 2396 656 2491 eloquii
687 2396 841 2465 facilitate
868 2408 1019 2463 anteacta
1050 2407 1128 2460 aetas

58 2524 124 2567 non
137 2499 282 2585 tulerat,
296 2516 371 2594 post
385 2516 434 2570 tot
452 2503 569 2572 saecula
585 2503 733 2572 nondum
749 2516 952 2596 superatum,
968 2522 1030 2566 nec
1044 2498 1129 2566 sorte

59 2631 205 2699 unquam
224 2606 464 2699 superandum,
483 2610 544 2677 sub
565 2610 717 2702 auspiciis
730 2610 795 2675 Titi
811 2607 973 2676 Caesaris
967 2630 999 2670 in
1020 2602 1128 2671 lucem

59 2712 211 2804 prodiit,
243 2715 447 2847 Vespasiano
485 2719 635 2808 Augusto
665 2738 731 2783 vni
764 2728 798 2780 et
828 2715 904 2780 lito
932 2714 1061 2779 Caesare
1090 2732 1126 2774 vt

59 2806 287 2904 consulibus,
315 2844 403 2888 anno
422 2821 526 2890 Urbis
547 2822 687 2889 conditae
710 2842 882 2888 ncccxxx.

98 3061 124 3097 s.
144 3045 278 3109 Quaenam
293 3043 391 3108 officia,
402 3045 442 3097 vel
455 3043 534 3116 eujus
542 3046 655 3114 generis,
664 3044 743 3116 plane
753 3045 893 3096 incertum.
906 3042 1015 3095 Urbana
1029 3040 1128 3106 luisse,

57 3133 83 3175 et
97 3122 133 3175 ad
146 3123 274 3175 aerarium
286 3125 446 3194 pertinuisse
460 3126 625 3177 Rezzonicus
639 3143 693 3177 non
710 3126 844 3177 immerito
858 3125 1020 3193 suspicatur.
1037 3123 1088 3173 Eu.

96 3220 124 3256 a.
137 3207 209 3254 Ante
223 3201 325 3269 luceru,
339 3214 371 3256 ut
385 3204 423 3256 ait
435 3204 539 3257 Plinius
548 3205 669 3258 Caecilius
683 3203 717 3256 ad
731 3207 872 3266 Macram3
887 3201 1022 3254 salutandi
1033 3217 1130 3263 eausa,

57 3293 87 3334 ut
95 3284 214 3352 opinor:
225 3299 288 3334 uam
298 3283 433 3335 matutina
441 3283 589 3336 admodum
601 3294 677 3335 erant
692 3283 843 3336 aulicorum
855 3283 1031 3343 visitationes,
1043 3279 1130 3331 donec

57 3361 195 3430 evigilaret
208 3361 349 3432 princeps,
367 3362 394 3413 in
408 3362 541 3415 vestibulo
557 3364 769 3434 exspectantium
782 3381 788 3414 :
801 3380 850 3414 nec
863 3361 909 3412 diu
925 3359 1131 3430 exspectabatur

57 3440 253 3512 Vespasianus,
269 3441 364 3493 solitus
383 3443 514 3494 maturius
534 3460 640 3513 semper
653 3453 679 3494 et
696 3442 730 3494 de
748 3451 826 3493 nocte
840 3439 959 3506 vigilare,
974 3442 1085 3490 Sueton.
1102 3438 1129 3488 in

56 3518 115 3590 ejus
131 3521 195 3571 rita.
214 3521 276 3572 ttae
291 3538 355 3572 sane
368 3521 510 3573 assiduitas
526 3521 606 3574 Plinii
620 3523 731 3590 gratiam
748 3519 821 3590 apud
834 3519 1030 3589 Vespasianum
1042 3528 1068 3570 et
1081 3518 1130 3569 Ti-

56 3610 113 3652 tum
128 3597 249 3669 adjuxit,
242 3619 248 3631 ·
257 3617 306 3652 nec
319 3601 345 3651 in
358 3601 467 3666 gratiani
480 3611 600 3663 tantum,
612 3601 660 3653 sed
673 3603 699 3651 in
714 3600 857 3652 amicitiam
871 3608 994 3669 receptus
1005 3608 1044 3649 est
1051 3597 1130 3667 ,ipso

57 3689 123 3732 teste
138 3679 166 3733 iu
182 3679 283 3748 praelat.
298 3680 443 3732 etCaesrlro
454 3691 531 3749 epist
546 3682 591 3733 cit.
607 3683 659 3733 tta

96 3757 124 3809 3.
136 3756 189 3811 Id
182 3775 270 3849 ipsum
282 3776 377 3828 praese
389 3759 439 3810 lert
451 3759 554 3811 Plinius
565 3771 657 3811 noster
669 3760 697 3810 in
711 3759 866 3850 prelatione
879 3756 1026 3811 Naturalis
1036 3754 1132 3807 Hirta·

55 3836 107 3889 n'oe
110 3854 226 3907 ,neque
245 3838 274 3891 in
291 3836 398 3890 laudem
418 3848 538 3901 tantum,
560 3838 606 3891 sed
623 3840 703 3890 etiam
721 3840 747 3890 in
764 3838 979 3897 excusationem,
1001 3834 1129 3887 adsersus

56 3933 101 3967 eas
118 3917 167 3986 qni
183 3916 247 3968 vitia
258 3914 317 3986 ejus
329 3933 439 3987 carpere
454 3877 557 3970 raaluirt
569 3936 650 3988 quam
666 3919 778 3970 virtutes
793 3933 944 3985 agnoscere
965 3917 1016 3967 En.

95 4002 124 4062 4.
144 3997 185 4048 De
200 3995 375 4049 numerandis
390 3997 546 4066 Vespasiani
569 4007 596 4050 et
607 3997 662 4050 Titi
677 3997 861 4050 consulatibus
876 4013 929 4048 nnn
944 4011 1049 4067 semper
1065 4009 1131 4045 cun·
