2664 4800
133 375 171 421 vt
537 349 809 426 HARDUINI
855 379 858 386 ·

135 482 321 578 diligentia,
335 478 388 548 vel
407 503 507 574 quam
530 479 723 575 longissimo
742 504 832 564 aevo,
851 478 904 548 vel
924 503 1023 574 quarn
1042 478 1207 552 diuturnis

133 587 268 682 vigiliis,
288 587 456 656 exhauriri
474 588 530 655 vix
551 610 698 680 unquam
717 586 808 654 hunc
825 584 971 654 laborem
991 611 1098 681 posse.

188 694 258 763 Nos
273 693 375 787 igitur
388 694 433 779 si,
446 692 535 786 quod
550 693 739 762 ambustum
754 692 930 780 hactenus,
945 706 1117 780 truncum,
1131 720 1205 763 mu·

133 798 294 893 tilumque
315 799 455 881 exstitit,
473 823 562 868 nunc
581 798 615 868 id
631 814 755 868 tersum
774 822 859 893 opus
880 800 971 867 omni
991 824 1032 866 ex
1052 815 1146 893 parte
1165 826 1205 871 ac

133 906 289 993 nitidum,
312 920 411 1002 atque
430 906 611 1000 integritati
632 929 699 974 suae
722 919 798 998 post
822 918 872 972 tot
896 902 1033 991 saecula,
1056 921 1133 999 post
1155 922 1206 976 tot

134 1012 340 1081 eruditorum
373 1011 534 1097 sudores,
556 1009 660 1079 veluti
697 1007 899 1105 postliminio
932 1012 1148 1100 restitutum,
1178 1017 1205 1083 si

134 1117 415 1204 emendatissima,
432 1142 506 1212 quae
528 1115 686 1186 mendosa
703 1116 879 1203 hactenus3
895 1117 924 1185 si
940 1115 1115 1211 explanata
1132 1144 1204 1187 om·

132 1225 207 1307 nia,
222 1249 295 1318 quae
311 1224 402 1292 tetris
424 1223 534 1291 adhuc
553 1222 698 1291 obducta
718 1222 863 1291 tenebris
881 1222 1122 1310 credebantur,
1139 1225 1205 1294 hoc

133 1331 242 1424 operis
269 1328 408 1421 hujusce
434 1328 547 1422 limine
571 1328 792 1422 profitemur3
813 1329 885 1422 quis
907 1353 975 1396 non
996 1332 1205 1424 arrogantius

134 1437 405 1529 ambitiosiusque
430 1435 578 1520 dictum,
604 1459 704 1528 quam
737 1437 867 1517 verius,
896 1431 1011 1530 putet}¹
1037 1438 1204 1530 Atque‘id

134 1557 246 1611 tamen
273 1545 381 1636 ipsum
402 1542 464 1610 nisi
489 1541 633 1609 maxima
659 1566 700 1609 ex
722 1556 817 1635 parte
839 1543 882 1609 sit
908 1543 1109 1635 praestitum,
1129 1545 1204 1636 quis

134 1673 203 1717 non
218 1660 366 1717 nostram
380 1649 522 1717 inaniter
539 1644 735 1716 collocatam
750 1671 904 1741 operam,
919 1671 959 1716 ac
976 1672 1068 1742 spem
1083 1647 1203 1718 deinde

133 1754 340 1823 eruditorum
356 1752 504 1822 delusam
521 1751 703 1823 exclamet?
716 1752 816 1822 Plane
836 1769 875 1822 ut
892 1755 918 1822 si
940 1752 1036 1847 plura
1055 1752 1204 1847 polliceri

133 1859 262 1944 videar,
286 1884 386 1954 quam
414 1872 465 1928 tot
488 1861 695 1952 ingeniorum
721 1857 846 1929 lumina
873 1859 986 1929 videre
1012 1861 1202 1953 potuerint,

133 1965 235 2052 lides;
253 1964 307 2034 vel
323 1967 350 2034 si
366 1965 475 2034 minus
488 1978 662 2060 praestem,
677 1990 776 2058 quam
792 1966 834 2034 sit
847 1965 1021 2035 hominum
1033 1981 1203 2061 exspecta·

132 2074 199 2160 tio,
218 2071 305 2140 fama
323 2072 378 2140 hic
396 2085 510 2141 nostra
527 2069 746 2165 periclitetur,
766 2072 1028 2165 existimatioque
1046 2074 1166 2166 operis.

185 2178 306 2247 Dicam
332 2191 460 2264 tamen,
486 2174 568 2245 nihil
597 2176 889 2271 reprehensionem
907 2180 1051 2262 veritus,
1075 2193 1133 2247 aut
1151 2179 1201 2271 ja-

132 2285 262 2352 ctantiae
290 2298 423 2371 notam,
446 2297 572 2377 quanto
601 2308 674 2351 sum
701 2281 783 2369 illis,
808 2285 865 2377 qui
893 2299 969 2352 ante
998 2309 1052 2353 me
1078 2285 1201 2356 iuliae

130 2413 231 2458 arena
248 2388 468 2474 desudarunt,
482 2390 613 2484 ingenio
632 2389 856 2483 industriaque
872 2385 1026 2474 inferior,
1039 2404 1132 2458 tanto
1146 2417 1201 2460 me

129 2495 205 2588 plus
220 2495 340 2565 laboris
359 2510 393 2565 et
409 2496 574 2565 diuturnae
589 2520 692 2581 curae,
708 2520 781 2589 quae
803 2497 836 2563 in
855 2495 920 2564 hoc
941 2496 1126 2564 studiorum
1143 2523 1199 2592 ge·

104 2690 107 2697 ⁴
129 2626 209 2671 nere
229 2603 436 2697 potissimum
454 2602 660 2689 dominatur,
676 2617 770 2671 tanto
786 2601 860 2696 plus
873 2601 957 2675 adeo
971 2604 1043 2696 opis
1061 2602 1103 2671 ad
1120 2629 1211 2698 ope·¹

129 2708 175 2777 ris
205 2709 304 2801 hujus
330 2708 572 2778 absolutionem
600 2707 755 2778 attulisse.
784 2711 905 2777 Facere
930 2711 1040 2801 itaque
1066 2708 1101 2776 id
1125 2736 1198 2778 sum

130 2838 323 2908 aggressus,
344 2813 434 2909 quod
451 2829 528 2882 ante
549 2839 603 2883 me
625 2838 749 2899 nemo,
769 2828 807 2881 ut
832 2812 948 2881 silvam
966 2813 1053 2883 hanc
1074 2813 1197 2885 littera·

129 2922 228 3006 nam,
241 2934 364 3014 quanta
380 2934 504 3014 quanta
521 2935 587 3002 est,
604 2933 707 2987 totam
728 2943 972 3012 percurrerem,
987 2916 1090 2988 lustra
1106 2946 1196 2990 scru-

126 3039 234 3112 tarer,
263 3040 475 3119 monstraque
501 3050 651 3093 errorum
679 3026 807 3106 omnia,
831 3024 951 3118 quibus
976 3050 1013 3093 ea
1040 3041 1198 3115 scateret,

127 3133 258 3200 minora
273 3130 406 3226 quidem
423 3154 523 3225 quam
539 3127 718 3214 Herculea,
734 3130 791 3199 sed
810 3129 921 3200 multis
935 3130 1034 3226 longe
1047 3134 1197 3226 partibus

126 3237 242 3332 plura,
261 3237 482 3332 profligarem.

181 3344 292 3412 Debet
306 3343 405 3435 hujus
422 3344 530 3436 operis
543 3344 740 3437 suscipiendi
756 3342 1008 3437 expoliendique
1022 3344 1195 3414 consilium

125 3447 309 3519 litterarum
334 3448 517 3542 respublica
540 3448 810 3519 excellentissimo
837 3453 909 3518 viro
930 3451 1080 3520 erroro
1105 3453 1194 3520 San·
1279 3493 1284 3499 -

124 3577 354 3626 cramauaao
364 3607 374 3643 ,
389 3556 477 3624 Duci
491 3558 704 3626 lllontauserii
715 3555 737 3643 ¹,
755 3581 822 3624 non
845 3554 933 3626 civili
954 3555 1054 3624 modo
1072 3555 1194 3626 milita-

168 3787 191 3822 ι.
200 3767 248 3820 Ille
262 3776 302 3820 est
316 3769 414 3818 or'rtutr's
424 3786 489 3818 oeta
500 3778 577 3819 erutos
592 3768 729 3840 rigidaeque
744 3768 838 3819 satelles
853 3785 908 3818 nou
922 3766 1054 3818 immerito
1070 3778 1193 3832 vocatus,

125 3850 200 3920 eujus
208 3845 385 3900 laudationem
396 3846 460 3898 olim
476 3865 490 3898 a
505 3847 626 3899 Flexerio
640 3848 787 3899 institutam
800 3847 828 3898 in
837 3845 964 3898 Oratione
977 3845 1095 3912 funebri,
1103 3864 1194 3920 rursus

121 3922 251 3981 litterario
265 3926 408 3980 certamine
419 3924 593 3980 aemulandam
605 3927 744 3997 proposuit
756 3923 899 3979 'Academia
909 3923 1007 3979 Gallica
1018 3943 1088 3977 anno
1106 3929 1191 3995 1781.

124 4007 150 4061 Is
161 4025 222 4061 cum
235 4005 333 4059 lluetio
350 4007 499 4078 precipuus
515 4016 609 4060 auctor
624 4006 674 4059 luit
687 4003 853 4058 edendorum
868 4005 904 4056 ad
917 4023 984 4056 usum
998 4004 1116 4074 Delphini
1126 4005 1192 4059 clas·
