2664 4800
463 370 728 439 PRAEFATIO.
1062 396 1133 440 xin

54 522 248 600 mutatque,
269 502 410 572 nimium
433 524 511 571 sane
533 524 634 596 quam
656 499 849 597 periculose.
870 505 981 597 Atque
995 502 1067 572 lraee
1084 519 1133 574 ta·

55 641 132 685 men
150 636 257 708 opera
278 624 348 697 est,
365 611 400 677 in
411 632 477 702 qua
491 607 626 678 sudasse
642 633 677 677 se
687 622 722 677 et
733 606 925 692 anhelasse,
940 634 1135 681 aerumnam·

56 747 121 816 que
135 715 354 789 decennalem
370 739 565 811 perpessum
582 739 667 803 csse,
678 716 713 783 in
730 715 924 808 praefatione
935 718 1044 811 operis
1056 742 1136 788 con·

57 843 209 898 testatur.
864 893 875 911 ,
896 909 899 913 ¹

112 937 158 1003 At
179 957 250 1001 non
270 931 362 1000 omni
386 953 428 999 ex
454 942 551 1024 parte
578 925 793 996 nihilominus
819 927 1046 1022 aspernandus
1073 931 1137 999 viri

58 1040 165 1110 labor.
180 1038 351 1108 Debemus
372 1037 460 1105 enim
475 1037 506 1104 ei
523 1034 740 1128 antiquissimi
755 1033 896 1121 codicis,
909 1036 967 1129 qui
977 1035 1138 1105 Chillletii

61 1148 144 1231 luit,
164 1144 285 1214 medici
302 1142 495 1224 Vesontini,
514 1141 621 1210 varias
636 1138 808 1227 lectiones,
829 1165 910 1234 quas
925 1166 1054 1211 summa
1070 1143 1137 1212 fide

60 1277 100 1322 ac
123 1251 295 1346 diligentia
315 1249 456 1342 margini
477 1271 544 1316 suae
565 1247 717 1316 editionis
735 1248 900 1316 attexuit:
917 1246 1138 1343 alteriusque,

60 1362 120 1454 qui
139 1357 267 1450 Cujacii
285 1355 356 1424 fuit.
377 1357 422 1422 Et
438 1355 555 1423 ambos
570 1355 702 1448 utique,
721 1354 778 1421 ubi
792 1378 877 1448 opus
891 1355 968 1439 erit,
989 1355 1023 1422 in
1039 1370 1139 1426 testes

62 1464 303 1534 advocabimus
322 1459 641 1556 adstipulatoresque
655 1459 925 1529 emendationum
940 1474 1139 1532 nostrarum.

119 1573 163 1639 Hi
179 1570 248 1639 fere
270 1582 347 1639 sunt
364 1569 422 1661 qui
448 1581 558 1637 totum
578 1591 662 1661 opus
684 1590 864 1661 perennare
881 1591 1016 1660 quoquo
1038 1569 1140 1639 modo

63 1678 213 1772 aggressi
234 1689 333 1745 sunt:
351 1675 478 1756 caeteri,
495 1698 638 1768 quorum
655 1686 705 1741 est
721 1674 836 1766 ingens
848 1672 958 1757 turba,
978 1674 1031 1743 vel
1048 1675 1141 1747 locos

65 1785 231 1852 duntaxat
246 1780 372 1875 aliquos
387 1779 552 1849 saltuatim
571 1805 611 1848 ex
632 1793 704 1848 toto
720 1803 821 1875 opere
839 1778 1057 1867 delibatos,ac
1077 1782 1142 1852 vel·

66 1890 117 1958 uti
129 1891 164 1958 in
180 1905 390 1971 transcursu,
405 1887 561 1982 attigere;
572 1884 627 1953 vel
645 1885 840 1980 particulam
854 1884 997 1981 aliquam
1014 1912 1056 1956 ex
1071 1903 1141 1957 tam

68 1998 206 2065 immani
228 2018 369 2088 corpore
395 2008 557 2062 resectam
579 1991 748 2087 delegere,
769 1995 804 2061 in
831 2017 898 2087 qua
918 1992 1138 2064 elaborarent.

121 2104 275 2171 Priorum
297 2123 473 2169 enumero
492 2098 648 2168 familiam
667 2099 759 2168 ducit
772 2100 972 2169 Pnnnrns
986 2103 1145 2170 Renoua

68 2232 156 2294 ons,
175 2210 233 2301 qui
251 2204 382 2275 notulas
402 2206 520 2274 breves
533 2204 669 2274 editioni
692 2206 862 2273 Parmensi
883 2205 1072 2298 subjunxit,
1091 2209 1145 2275 tri·

69 2317 132 2383 bus
154 2314 260 2382 serme
278 2310 414 2407 pagellis
432 2311 698 2412 comprehensas.

123 2421 388 2489 Annotationum
406 2420 581 2488 Centurias
599 2418 701 2501 duas,
721 2418 926 2512 paucissimis
946 2418 1144 2512 quibusdam

70 2528 285 2596 librariorum
311 2524 439 2594 mendis
458 2524 551 2593 velut
570 2526 605 2593 in
626 2539 820 2593 transcursu
840 2523 1039 2611 subnotatis,
1061 2550 1146 2594 con·

70 2634 191 2728 cripsit
202 2635 251 2700 Μ.
270 2633 457 2701 Arrenius
473 2633 653 2701 Coccmns
667 2632 904 2715 Sananmcns,
918 2628 1147 2718 Bibliotheca,

72 2763 176 2834 quam
189 2739 337 2807 Venetiis
357 2741 552 2809 Bassaniam
566 2736 761 2832 publicarat,
774 2735 967 2804 Praefectus:
979 2737 1012 2804 in
1028 2738 1149 2831 quibus

74 2861 153 2915 sunt
172 2843 352 2913 admodum
371 2867 477 2938 pauca
495 2846 576 2915 scite
590 2843 834 2928 animadversa,
845 2856 966 2912 caetera
980 2844 1148 2937 conjectu-

76 2978 122 3020 rae
148 2953 286 3020 omnino
306 2949 451 3019 infelicis.

131 3060 323 3127 Rosaarus
345 3081 391 3126 nn
414 3058 558 3141 varen,
586 3057 860 3149 Rotomagensis,
882 3057 1150 3151 Compendium,

61 3168 148 3233 -sive
166 3167 367 3256 Excerptae
387 3160 510 3247 Plinio,
532 3174 565 3229 et
585 3161 811 3230 Plinianorum
833 3161 1017 3230 difficilium
1035 3165 1069 3230 in
1088 3167 1152 3234 Na-

80 3268 195 3338 turalis
214 3271 369 3339 Historiae
385 3265 477 3336 libris
497 3269 755 3361 expositionem,
778 3268 820 3336 ad
839 3269 1004 3338 Renatum
1026 3273 1151 3340 Carnu·

81 3393 209 3446 tensem
231 3376 434 3469 Episcopum
450 3374 632 3468 inscripsit,
653 3398 742 3442 anno
762 3398 829 3459 nn,
848 3400 932 3470 opus
945 3374 1067 3445 nullius
1081 3401 1152 3446 eru·

81 3483 230 3567 diuonis,
246 3479 432 3574 nulliusque
453 3479 598 3564 fruetus,
620 3495 678 3550 aut
697 3482 802 3576 pretii.

136 3588 230 3656 Adde
242 3588 293 3656 his
303 3589 527 3657 Rsanasnsu
535 3589 862 3675 Venaruansnnu,
876 3589 910 3655 in
922 3585 1012 3656 libris
1021 3587 1153 3658 deGeo

84 3695 500 3789 graphia3Gu1nnsanusr
509 3696 687 3780 Bunnnm,
695 3693 729 3761 in
740 3692 832 3762 libris
842 3693 1153 3788 quosdePandectis

85 3801 265 3894 inscripsit,
285 3814 320 3868 et
338 3824 421 3894 quos
440 3799 481 3868 de
503 3803 598 3882 Asse3
619 3803 850 3870 Hanniartnra
872 3803 1096 3884 Taenaron,
1118 3803 1152 3867 in

86 3907 308 3994 Adversariis,
328 3904 473 4000 aliosque
488 3907 649 3995 Criticos,
663 3908 720 4001 qui
744 3931 818 3976 suas
836 3906 1153 3988 animadversiones,

88 4012 312 4084 miscellaneas
328 4013 590 4101 observationes,
609 4012 989 4107 racemationesque,vel
1005 4035 1073 4080 una
1091 4011 1153 4081 ali-
