2664 4800
21 316 29 469 ζ
133 392 175 435 n
528 360 807 431 ininnurur

133 500 222 566 tione
238 495 400 565 exhibuit.
422 497 506 563 Item
525 491 722 562 Toletanum
742 509 775 563 et
793 494 1100 585 salmanticensem,
1116 523 1207 593 quos

133 605 303 672 Pintianus
319 600 439 670 laudat
453 600 748 670 San-Victorinum
765 626 916 697 quoquc,
930 604 990 672 etsi
1005 628 1095 672 nunc
1110 607 1208 673 amis·

133 734 205 776 sum
224 709 347 777 audio:
366 708 460 800 cujus
478 707 634 776 lectiones
651 708 751 775 variar
770 710 803 775 in
823 707 925 778 libros
945 708 1042 778 Plinii
1058 707 1208 803 aliquot,

132 814 251 883 eruditi
269 815 452 908 cujuspiam
471 814 532 881 viri
549 836 650 881 mauu
662 828 804 882 exaratae
819 816 852 882 iu
868 813 1073 884 Bibliotheca
1089 831 1207 885 nostra

137 910 359 990 asservantur.¹

185 1028 276 1095 Fecit
293 1041 327 1095 et
341 1028 522 1095 amicorum
538 1025 693 1110 comitas,
707 1040 746 1094 ut
761 1023 901 1093 aliorum
920 1039 1079 1120 praeterea
1093 1051 1206 1095 exem·

132 1133 273 1227 placium
297 1132 396 1200 fidem
418 1147 517 1225 atquc
539 1133 786 1214 auctoritatem,
810 1133 870 1200 ctsi
897 1131 1014 1224 procul
1035 1133 1209 1220 abessent,

132 1243 166 1308 in
179 1237 353 1308 consilium
368 1237 615 1306 adhibuerimus
630 1237 794 1306 interdum
807 1237 849 1305 de
858 1236 1102 1307 difficilioribus
1113 1238 1206 1309 locis.

132 1350 160 1415 E
183 1360 308 1440 septem
327 1345 498 1414 Vaticanis
523 1343 692 1413 codicibus
715 1358 846 1439 sumpta
871 1345 1058 1413 testimonia
1083 1347 1207 1416 Panno

132 1455 283 1523 Possrno
301 1451 478 1537 debemus,
492 1451 549 1545 qui
577 1464 647 1518 tum
670 1451 786 1519 Romae
811 1449 949 1545 agebat,
964 1452 1037 1520 viro
1054 1475 1075 1520 e
1093 1453 1209 1521 Socie-

21 1582 24 1589 ·
133 1573 200 1628 tate
217 1572 346 1644 nostra,
361 1556 527 1626 editorum
547 1581 686 1651 operum
703 1559 799 1651 copia
816 1570 850 1625 et
866 1554 1039 1650 multiplici
1053 1556 1209 1626 doctrina

132 1663 399 1736 celcbratissimo.
423 1666 452 1733 E
475 1662 707 1757 Lugdunensi,
730 1664 767 1731 P.
792 1664 1054 1751 Curnonsruo,
1079 1663 1208 1732 Biblio-

134 1773 238 1839 thccae
262 1771 332 1862 ejus
355 1767 494 1864 Collegii
517 1768 689 1839 Praelecto.
713 1772 764 1839 Ex
785 1767 849 1838 alio
869 1767 1026 1863 denique,
1044 1768 1102 1863 qui
1126 1768 1210 1839 olim

134 1877 238 1946 sancti
265 1874 439 1944 Michaelis
471 1875 546 1960 fuit,
577 1900 667 1944 nunc
695 1890 746 1944 est
770 1875 922 1944 Coenobii
951 1874 1209 1962 Rhedoneusis,

133 1985 170 2050 P.
193 1984 327 2051 Manno
347 1983 558 2067 Aunnsmo,
576 2006 595 2049 e
613 1981 826 2050 Benedictina
844 1979 979 2049 familia.

186 2085 337 2157 Contulit
348 2101 506 2181 praetcrea
516 2086 665 2156 nonnihil
680 2089 770 2182 opis,
791 2088 851 2156 ctsi
873 2085 1109 2182 perpusillum,
1129 2085 1210 2157 lllu·

135 2195 284 2264 strissimi
307 2193 380 2262 Viri
400 2194 611 2262 Comuntur
635 2195 839 2264 Panucnnrr
863 2193 1019 2288 Episcopi
1046 2195 1211 2289 Monspe·

136 2301 263 2386 heusis,
280 2300 336 2393 qui
355 2298 540 2367 litterarum
559 2323 630 2368 aevo
649 2324 728 2386 suo,
743 2313 776 2368 ct
791 2298 879 2368 idem
893 2298 1018 2368 ordinis
1036 2301 1087 2370 sui
1106 2299 1212 2371 decus

135 2421 235 2501 atque
253 2418 487 2474 ornamentum
509 2405 589 2492 fuit,
611 2406 740 2499 gemina
760 2404 963 2492 lucubratio,
984 2430 1083 2474 manu
1107 2407 1212 2501 ipsius

137 2527 285 2595 exarata,
307 2535 373 2606 qua
391 2509 629 2581 Bibliothecam
650 2513 720 2607 ipse
736 2526 885 2581 nostram
906 2510 1043 2580 donavit
1061 2537 1069 2578 :
1087 2510 1212 2597 altera,

136 2644 210 2714 quse
223 2632 353 2688 constat
367 2618 589 2704 variantibus,
603 2633 641 2686 ut
655 2620 765 2704 aiunt,
779 2617 974 2687 lectionibus
990 2616 1212 2713 plurimorum

137 2725 309 2809 codicum,
328 2725 371 2792 ad
387 2748 481 2792 oram
497 2723 571 2792 libri
587 2724 770 2810 adnotatis3
785 2724 887 2793 altera
901 2723 1060 2819 prolixior
1078 2724 1213 2818 paulo¹,

139 2833 225 2899 notis
244 2845 277 2898 et
295 2830 494 2922 conjecturis
523 2832 557 2897 in
579 2829 681 2900 libros
702 2830 972 2925 Geographicos,
994 2844 1065 2898 tum
1088 2833 1213 2926 sparsis

140 2934 281 3005 subinde
296 2933 399 3003 veluti
417 2933 561 3004 flosculis
576 2937 609 3031 in
625 2935 746 3005 librum
762 2952 938 3022 octavum,
951 2938 1008 3030 qui
1027 2935 1068 3004 de
1086 2939 1213 3006 anima-

140 3043 220 3110 lium
237 3054 354 3108 natura
367 3040 453 3134 agit,
464 3055 533 3108 tum
550 3040 708 3110 nonnulla
729 3066 862 3137 quoque
882 3043 1074 3136 expertein
1090 3042 1212 3112 librum

140 3148 337 3241 septimum,
354 3161 389 3214 et
406 3171 551 3232 nonum,
570 3148 629 3216 ubi
648 3148 736 3217 facto
754 3148 888 3217 demum
907 3146 973 3216 fine
991 3150 1208 3242 conquiescit.

145 3258 270 3321 Verum
285 3255 320 3322 in
329 3253 569 3347 Geographicis
580 3254 651 3342 illc,
664 3255 862 3348 conjecturis
873 3253 975 3324 modo
990 3269 1023 3322 et
1038 3256 1132 3324 MSS.
1143 3280 1214 3324 nou

143 3362 256 3454 utique
278 3359 517 3454 probatissimis
538 3362 664 3428 utitur:
685 3363 840 3430 Graccum
861 3362 1078 3455 scriptorem,
1095 3363 1153 3455 qui
1171 3361 1216 3430 de

142 3469 205 3534 situ
234 3479 399 3534 terrarum
428 3467 551 3561 egerit,
582 3465 696 3535 laudat
721 3467 933 3561 sequiturque
959 3467 1156 3535 neminem:
1180 3469 1215 3535 in

142 3587 284 3659 octavo,
298 3570 506 3640 Aristotelem
525 3596 640 3641 unum.
657 3574 797 3662 Quoties
819 3588 930 3642 tamen
948 3598 989 3640 ex
1007 3598 1047 3641 eo
1067 3572 1216 3667 profece

151 3833 155 3839 ,
186 3777 353 3832 1.Nimirum
365 3778 432 3830 isera
443 3775 542 3841 codex,
553 3794 632 3847 quern
641 3779 709 3831 inter
719 3779 806 3848 Regiae
813 3781 939 3832 nostratis
946 3779 1120 3833 Bibliotheca
1131 3781 1216 3835 libr-oa

142 3858 336 3926 manuscriptos
356 3855 394 3907 N⁰
417 3858 489 3908 6808
503 3856 657 3928 inscriptum
676 3858 829 3911 referemus.
837 3859 987 3912 Habuimus
1001 3874 1028 3913 et
1042 3878 1090 3912 nos
1103 3858 1137 3912 ad
1160 3881 1217 3915 ma·
1240 3884 1244 3891 ·

143 3959 224 3999 uum,
236 3935 280 3988 sed
298 3935 354 3986 sine
370 3934 459 3987 fructu
472 3954 479 3987 ε
493 3937 652 4005 quantulum
670 3937 741 3989 enim
755 3935 875 4006 ‘praesidii
891 3957 922 3991 ex
936 3939 984 3991 illo
995 3939 1095 4010 sperari
1111 3943 1217 4008 potuit,

142 4022 195 4089 jam
209 4027 438 4087 prrcoccuparerat
451 4012 612 4066 Harduinus.
627 4013 679 4068 En.
