2664 4800
205 372 258 416 xtr
606 347 885 417 HARDUINI

204 495 259 540 eas
281 471 355 563 jure
381 468 506 555 videri,
524 494 623 563 quom
641 470 761 540 eruditi
782 471 965 565 cujuspiam
985 473 1083 541 unius
1102 470 1278 543 alteriusve

202 576 245 646 ad
263 601 356 645 oram
369 574 444 645 libri
460 578 628 671 appositas
647 577 904 670 conjectationes
918 575 938 644 ¹.

257 682 360 769 Quod
376 681 419 751 ad
433 684 625 776 posterioris
646 685 776 779 generis
790 683 896 753 Notas
908 683 950 751 ab
968 707 1009 752 eo
1023 683 1129 753 editas
1141 685 1278 773 attinet,

204 813 266 856 nec
288 803 466 882 perpetuas
484 787 558 858 illas
580 789 676 876 fecit,
693 815 756 858 nec
775 791 852 859 satis
868 804 1066 883 argumento
1089 814 1278 860 accommo-

205 893 321 980 datas,
340 909 374 964 et
395 893 569 990 plerasque
599 898 698 966 etiam
720 894 835 991 plenas
861 897 1028 964 inanitatis
1054 921 1094 964 ac
1119 894 1278 967 falsitatis.

204 1003 292 1070 Nam
304 1025 412 1095 neque
425 1003 710 1098 Cosmographica
723 1003 877 1086 omnino,
888 1027 951 1071 nec
964 1002 1199 1098 Geographica
1210 1003 1280 1074 fere

204 1109 331 1202 attigit,
347 1132 421 1201 quae
441 1132 518 1203 pars
542 1110 653 1204 operis
674 1110 767 1178 istius
784 1108 876 1178 haud
894 1109 1046 1191 minima,
1066 1111 1130 1178 nisi
1148 1124 1186 1177 ut
1211 1135 1282 1179 ‹mr-

205 1228 376 1308 rumperet
395 1215 504 1283 obiter
522 1214 610 1284 falsis
624 1215 825 1311 oppidorum
838 1239 877 1284 ac
898 1216 1070 1308 regionum
1090 1216 1281 1309 interpreta-

205 1319 359 1389 tionibus.
384 1323 437 1389 Ex
462 1320 633 1390 Hadriano
656 1323 756 1391 Junio
776 1321 917 1409 deinde,
939 1319 1042 1392 Caelio
1068 1314 1281 1416 Rhodigino,

204 1423 382 1494 Alexandri
405 1428 448 1496 ab
473 1427 662 1497 Alexandro
687 1427 881 1498 Genialibus
905 1427 1039 1514 diebus,
1057 1442 1156 1521 atque
1172 1429 1281 1496 istius-

205 1532 296 1601 modi
318 1547 416 1602 sectae
442 1533 653 1622 hominibus,
675 1534 735 1603 ubi
761 1559 795 1603 se
818 1532 871 1602 vel
893 1535 1030 1603 minima
1050 1558 1131 1602 aura
1159 1533 1281 1617 offert,

205 1637 311 1707 multa
326 1641 477 1733 congerit
491 1654 525 1709 et
546 1641 726 1727 confremit,
740 1666 813 1735 quae
825 1639 869 1710 ad
881 1639 1076 1710 eruditionis
1089 1639 1213 1708 famam
1229 1666 1284 1708 au·

207 1745 395 1839 cupandam
408 1744 540 1815 valeant
557 1746 681 1841 aliquid
700 1771 791 1834 sane,
809 1747 867 1816 sed
885 1748 952 1817 sint
968 1745 1085 1814 eadem
1102 1770 1123 1815 a
1144 1745 1284 1814 Pliniani

206 1853 317 1945 operis
343 1850 561 1922 illustratione
589 1854 696 1922 aliena
721 1878 822 1949 quam
849 1854 1002 1922 maxime.
1030 1855 1071 1921 ln
1101 1878 1138 1921 re
1163 1851 1284 1920 deinde

207 1957 378 2044 herbaria,
396 1959 448 2026 vir
464 1957 585 2053 alioqui
604 1961 638 2027 in
657 1985 697 2029 eo
718 1984 859 2055 genere,
878 1974 916 2028 ut
928 1984 997 2054 prae
1012 1983 1047 2027 se
1061 1955 1151 2045 tulit,
1166 1959 1286 2027 exerci-

207 2077 316 2147 tatus,
338 2065 396 2157 qui
415 2063 586 2134 volumina
605 2066 674 2134 duo
696 2067 842 2161 ingentia
857 2066 922 2134 hoc
937 2066 978 2134 de
994 2078 1192 2159 argumento
1203 2064 1286 2133 effu·

207 2169 270 2255 dit,
288 2171 411 2239 mirum
422 2186 506 2264 quot
518 2175 552 2239 in
566 2197 695 2241 errores
709 2173 779 2267 ipse
792 2172 962 2258 inciderit,
978 2186 1061 2264 quot
1078 2170 1184 2240 Plinio
1195 2170 1284 2239 idem

208 2276 385 2369 objecerit,
403 2302 546 2371 quorum
568 2292 737 2373 expertem
764 2303 842 2347 eum
860 2293 894 2347 et
914 2280 1097 2347 immunem
1126 2302 1197 2346 esse
1218 2279 1286 2346 suis

208 2380 290 2451 locis
311 2383 442 2453 docturi
464 2410 589 2454 sumus.
611 2385 677 2454 Sed
696 2383 888 2455 incredibile
907 2383 999 2453 dictu
1013 2399 1080 2471 est,
1098 2398 1180 2477 quot
1196 2385 1231 2451 in
1250 2409 1286 2451 re

210 2489 356 2576 medica,
378 2489 444 2558 hoc
465 2505 529 2577 est,
547 2493 582 2560 in
600 2516 639 2560 ea
660 2506 733 2561 arte
754 2493 788 2560 in
811 2516 876 2586 qua
896 2488 1056 2560 excellere
1078 2491 1286 2585 potissimum

210 2593 303 2663 illum
320 2595 448 2682 decuit,
463 2599 634 2690 σφάλματα
647 2596 836 2668 admiserit:
848 2600 917 2667 sive
930 2623 1033 2693 quum
1047 2596 1287 2665 medicamenta

211 2724 232 2769 a
251 2701 357 2771 Plinio
371 2705 543 2798 proposita
558 2730 733 2799 perperam
751 2706 892 2798 accipit;
914 2706 984 2772 sive
992 2728 1095 2796 quum
1114 2701 1219 2771 allatis
1235 2728 1288 2771 va·

210 2809 338 2876 riorum
352 2807 507 2877 codicum
523 2809 736 2893 lectionibus,
752 2812 877 2879 incerta
892 2833 930 2876 ea
944 2808 1089 2876 remedia
1107 2808 1202 2892 facit3
1218 2809 1288 2877 sive

211 2938 315 3007 quum
338 2938 378 2982 ex
402 2914 517 2983 iisdem
538 2915 777 3003 correcto,ch
799 2928 959 3009 corrupto
976 2916 1087 3009 potius
1102 2913 1199 2982 Plinii
1213 2940 1289 2983 con·

211 3033 306 3089 textu
325 3019 566 3090 medicamenta
580 3021 662 3090 falsa
676 3046 738 3117 pro
756 3023 844 3090 veris
866 3020 1038 3107 obtrudit;
1057 3022 1127 3089 sive
1146 3020 1288 3115 denique

213 3151 318 3220 quum
329 3142 531 3221 praepostera
544 3129 815 3223 interpretatione
826 3126 973 3196 Pliniana
987 3125 1110 3222 placita
1126 3127 1168 3194 ad
1183 3153 1288 3221 genus
1327 3214 1330 3219 Α

213 3235 322 3302 morbi
344 3233 501 3303 transfert
521 3233 618 3328 plane
633 3235 800 3304 diversum
815 3235 913 3303 abeo
933 3258 1033 3328 quem
1055 3232 1178 3302 Plinius
1199 3233 1289 3301 intel·

213 3337 312 3428 lenit,
327 3355 361 3409 et
383 3342 649 3436 interpunctione
671 3365 829 3436 perversa
850 3341 996 3410 remedia
1017 3341 1196 3434 permiscet
1218 3365 1289 3435 per·

258 3578 281 3612 r.
295 3560 373 3613 Parvi
388 3574 450 3614 sunt
466 3559 624 3614 estimanda
639 3561 765 3615 lectiones
778 3581 837 3634 quse
851 3560 997 3632 generatim
1010 3558 1053 3611 hii
1066 3558 1154 3611 verbis
1168 3556 1289 3611 indican-

215 3652 260 3692 tur
273 3657 281 3690 t
296 3639 334 3693 M.
347 3640 403 3692 Vet.
421 3652 467 3693 ant
480 3641 536 3694 Alit
542 3661 552 3704 ,·
562 3641 613 3693 illae
630 3641 703 3694 enirn
713 3640 774 3694 solre
786 3639 868 3694 fidem
878 3639 978 3692 faciunt
987 3673 996 3701 ‚
1005 3656 1065 3709 qun
1076 3636 1140 3690 certi
1151 3637 1289 3707 cujusdam

214 3737 245 3772 ac
255 3719 324 3772 bene
336 3720 393 3774 noti
409 3719 510 3774 codicis
523 3722 708 3774 anctoritatem
725 3738 782 3792 pre
800 3740 826 3773 se
845 3721 941 3773 serunt.
959 3719 1044 3771 Nobis
1057 3731 1145 3770 tamen
1157 3719 1288 3788 optimum

215 3801 301 3852 nsum
316 3811 372 3863 est,
385 3819 419 3853 ne
435 3799 529 3853 dubias
547 3799 656 3873 quidem
676 3801 808 3872 nbjicere‚
822 3801 874 3852 nisi
894 3816 977 3870 quum
990 3799 1017 3851 in
1034 3796 1132 3850 mendo
1149 3798 1289 3850 manifesto

215 3879 358 3944 ruberent;
367 3898 416 3932 nec
429 3879 577 3952 quidquam
593 3881 764 3952 Dalecampio
776 3880 927 3951 relinquere
938 3878 1072 3933 voluimus
1080 3874 1153 3949 quod
1163 3877 1192 3930 in
1202 3890 1291 3930 nostra

214 3959 332 4012 editione
347 3958 492 4013 desiderari
509 3973 605 4031 posset.
617 3961 670 4012 En.
