2664 4800
536 366 803 437 PRAEFATIO.
1110 389 1206 437 xxrrt

185 493 552 590 Sulq'nnximusdeinde
561 500 743 566 ductorum
755 495 940 592 Syllabum,
951 498 1007 591 qui
1022 510 1094 567 toto
1105 523 1206 593 opero

133 600 274 671 aPlinio
293 599 513 696 appellanbrr.
528 604 658 673 Horum
675 602 838 699 plerisque
852 627 920 673 non
941 627 1001 673 sua
1020 604 1122 673 modo
1143 629 1205 674 no·

132 707 238 794 mina,
257 707 381 777 detrita
393 722 490 794 ante,
503 723 677 796 nonnata,
695 724 869 805 corrupta,
889 712 1019 803 ignota,
1033 709 1091 779 scd
1107 725 1140 780 et
1156 709 1206 781 fa-

130 836 220 883 mm
238 838 376 909 quoque
395 836 490 884 snam
511 817 737 885 restituimus:
756 830 795 885 ut
816 816 885 910 jam
909 829 942 884 et
958 817 1020 910 ipsi
1042 816 1100 910 qui
1119 818 1205 903 sint,

131 934 164 989 et
176 944 254 1015 quae
268 935 364 1007 retas,
383 945 457 1015 quae
475 922 597 1015 petria,
610 946 684 1015 quae
695 922 819 1016 scripta
832 921 973 1016 denique
986 915 1075 1008 (non
1095 924 1204 992 omnia

130 1026 283 1120 quidem:
298 1025 333 1095 id
349 1029 438 1097 enim
452 1051 513 1096 nec
527 1029 632 1096 nostri
645 1042 696 1097 est
708 1029 848 1097 instituti
862 1030 1034 1122 persequi,
1049 1042 1084 1097 ct
1097 1042 1149 1097 est
1159 1030 1206 1099 in·

129 1130 215 1202 liniti
229 1131 372 1220 tatone
392 1132 450 1202 sed
466 1157 507 1202 ea
523 1133 625 1203 modo
645 1158 706 1228 per
724 1159 799 1229 quae
821 1133 1000 1229 profecisse
1016 1133 1120 1203 videri
1137 1132 1205 1202 Pli-

129 1238 204 1308 nins
222 1252 341 1308 noster
357 1227 484 1334 possit)
501 1239 675 1309 manifesta
697 1242 774 1310 sint.
792 1241 933 1329 Quoties
947 1254 1059 1309 autem
1087 1238 1205 1335 appel·

128 1341 217 1414 bun
233 1369 351 1415 eorum
366 1346 533 1440 quisquea
548 1344 671 1431 Plinio,
685 1370 726 1415 ex
739 1346 853 1416 Indice
867 1344 1044 1440 singulari,
1057 1370 1154 1439 quem
1170 1346 1204 1415 in

128 1449 220 1520 alce
230 1452 343 1546 operis
353 1451 582 1535 subtexemus,
596 1450 690 1522 nullo
709 1453 843 1547 negotio
855 1453 964 1521 statim
979 1451 1154 1522 constabit

179 1559 211 1627 E
231 1556 364 1652 reliquo
386 1582 487 1652 opere
512 1555 648 1627 titulos¹
677 1583 735 1628 seu
754 1557 908 1627 lemmata
933 1560 1079 1652 capitum
1105 1554 1204 1652 plane

129 1661 347 1733 ustnlimus:
362 1678 396 1734 et
406 1664 496 1759 quod
513 1663 656 1732 Plinium
677 1688 718 1735 ea
735 1690 805 1734 non
821 1664 948 1733 habent
964 1677 1153 1752 auctorem;
1169 1663 1205 1733 et

128 1768 219 1862 qnod
232 1768 319 1839 nihil
341 1768 496 1840 insulsius
513 1769 579 1839 dici
601 1785 661 1840 aut
676 1770 783 1840 videri
802 1785 928 1866 potest,
954 1793 1055 1864 quam
1074 1794 1202 1866 praepo·

130 1888 236 1944 stem
248 1873 469 1970 plurimorum
484 1875 674 1947 lemmatum
687 1879 784 1961 situs,
796 1892 834 1945 ut
847 1878 913 1946 suis
930 1873 1012 1946 locis
1031 1900 1203 1946 common·

128 1983 265 2051 sti-euni
287 2005 412 2050 sumus.
435 1981 526 2071 Quid
547 1982 639 2076 quod
663 1997 698 2053 et
718 1997 851 2077 recepta
871 1983 1034 2053 hactenus
1053 1984 1202 2078 capitum

127 2089 252 2171 metio,
272 2110 340 2181 qua
365 2101 472 2156 toturn
496 2088 590 2157 Plinii
608 2114 692 2183 opus
709 2089 851 2159 divisum
876 2112 917 2159 ac
937 2088 1114 2158 dissectum
1134 2101 1203 2173 est,

128 2193 162 2261 in
175 2193 420 2289 antiquioribus
434 2193 534 2289 paulo
548 2217 587 2262 ac
603 2193 750 2265 melioris
763 2209 851 2264 notae
868 2193 960 2273 libris
977 2193 1069 2263 nulla
1081 2209 1132 2264 est
1146 2220 1154 2262 :
1167 2208 1203 2264 et

128 2296 192 2368 alia
220 2301 259 2369 in
288 2302 488 2395 pervetustis
516 2299 734 2388 editionibus,
761 2302 796 2369 in
822 2300 1035 2396 sequentibus
1062 2299 1143 2384 alia,
1167 2301 1202 2368 in

127 2407 279 2500 utrisque
295 2430 382 2501 saepe
395 2406 495 2500 digna
511 2407 596 2475 risu:
615 2405 791 2476 ubimulta
809 2430 983 2502 perperam
1006 2408 1164 2477 distracta
1185 2430 1205 2473 a

128 2511 374 2607 superioribus,
387 2513 584 2606 quibuscum
594 2536 634 2581 ea
643 2514 808 2582 cohaerere
824 2511 1202 2606 oportuit3divulsaeque

127 2641 359 2713 oepenumero
371 2620 540 2687 sententiae
550 2621 705 2712 integrm,
718 2634 811 2713 parte
823 2643 882 2688 sua
896 2617 1094 2711 praecedenti
1103 2619 1202 2711 capiti

128 2721 293 2812 haereant,
310 2723 413 2794 altera
438 2725 560 2795 faciunt
577 2726 805 2818 subsequentis
824 2721 977 2792 initium?
997 2724 1099 2817 Atqui
1112 2737 1202 2793 vete·

126 2853 205 2900 rum
231 2832 435 2925 quicumque
458 2830 560 2900 lectos
582 2856 602 2900 a
624 2857 658 2900 se
684 2831 778 2900 Plinii
797 2829 900 2899 libros
919 2843 1203 2917 comme-morunt,

127 2934 378 3024 Tertullianus,
401 2939 623 3032 Augustinus,
645 2937 790 3022 Gellius,
817 2937 1029 3024 Macrobius,
1059 2935 1201 3030 aliique,

129 3037 255 3111 librum
272 3042 404 3137 quidem
424 3045 445 3111 ii
458 3043 652 3137 indigitant,
666 3045 925 3139 designantque,
942 3045 1097 3113 minutias
1112 3043 1200 3137 capi·

129 3147 294 3236 telorum,
303 3173 411 3218 nemo.
420 3148 562 3243 Singulis
570 3152 658 3219 enim
673 3150 763 3219 libris
778 3152 968 3219 continuata
980 3174 1090 3218 rerum
1101 3151 1201 3219 series

128 3256 336 3343 continetur,
355 3255 570 3349 quamohrem
596 3271 629 3324 et
641 3257 778 3325 historia
798 3257 982 3325 vocitatur:
999 3258 1046 3325 sic
1071 3270 1109 3324 ut
1130 3254 1201 3323 aliae

125 3383 183 3429 res
200 3385 296 3431 nexae
310 3386 353 3430 ex
366 3360 451 3450 aliis,
464 3363 661 3431 narrationis
678 3364 762 3431 serie
780 3356 958 3457 copulatae,
971 3376 1006 3432 et
1018 3387 1133 3431 omnes
1151 3363 1200 3429 in·

127 3479 326 3563 terne-aptae
335 3467 796 3562 oolligataequesint,nullum
809 3483 846 3536 ut
855 3483 966 3562 pateat
977 3469 1202 3554 interstitium,
1286 3456 1291 3467 ’

128 3570 265 3643 fallente
280 3577 438 3662 transitu,
454 3589 491 3643 ut
512 3577 545 3643 iu
567 3576 778 3646 historiarum
794 3574 972 3662 Herodoti,
985 3573 1202 3668 Thucydidis,

128 3693 166 3748 et
178 3681 265 3749 Livii
278 3679 381 3751 libris.
394 3684 463 3750 Nos
480 3680 693 3752 nihilominus
709 3683 742 3750 in
756 3680 892 3752 totidem
909 3677 1084 3777 particulas
1097 3681 1201 3749 secui·

173 3872 245 3924 1.1n
258 3872 375 3944 antiquis
392 3871 554 3926 editionibus
569 3874 671 3945 singula
681 3874 768 3946 capita
780 3874 870 3927 titulos
883 3892 944 3926 snos
958 3873 1027 3926 inter
1042 3872 1129 3944 ipsum
1140 3888 1203 3922 con·

129 3960 233 4004 textum
245 3949 401 4006 distributos
414 3953 601 4024 praeferebant,
611 3954 709 4026 quibus
720 3954 868 4008 Pliniaunrn
879 3971 947 4025 opus
959 3972 1014 4007 non
1030 3953 1057 4005 in
1066 3951 1199 4011 mamhra,

129 4027 179 4083 sed
190 4030 219 4084 in
231 4030 314 4085 frusta
328 4032 425 4086 misere
437 4031 600 4104 dimpturn
613 4035 706 4087 fueret
719 4031 772 4087 Eo.
