2664 4800
194 372 260 418 xxx
593 343 870 414 HARDUINI

194 475 366 550 Graeculos
381 472 454 543 illos
473 473 607 567 quidem
624 471 780 568 loquaces
796 490 832 544 et
846 477 990 562 otiosos,
1005 478 1063 570 qui
1078 478 1268 549 universam

194 589 330 657 Nature
343 580 515 650 historiam
534 582 632 649 nnius
645 579 766 651 laboris
778 595 812 649 et
828 583 938 676 operis
955 598 1174 653 monumento
1192 609 1271 655 con·

195 691 341 786 signarit.
361 689 411 756 Ex
429 686 510 755 orbe
528 686 704 771 doctrine,
722 711 824 780 quam
842 680 1269 783 lyxuaetonndeler‘vocant,

194 820 293 892 quam
311 794 373 864 sihi
388 794 527 886 quisque
545 790 740 886 particulam
755 792 929 888 delegerit,
942 797 1127 864 ductorum
1145 796 1268 883 ludex,

194 926 294 997 quem
313 899 543 984 subtexemus,
565 899 668 992 priori
682 896 767 969 libro
782 899 971 969 declarabit„
986 902 1097 970 Nemo
1111 925 1199 971 unus
1216 918 1268 973 at·

194 1010 268 1102 tigit
284 1008 483 1074 universam.
498 1006 670 1091 Nemo‚ut
678 1020 801 1089 noster,
815 1006 1024 1091 thesaurum,
1035 1006 1089 1076 vel
1104 1008 1269 1078 mundum

193 1115 305 1183 verius
323 1135 434 1180 rerum
453 1114 602 1179 omnium
629 1112 765 1203 cognitu
783 1111 980 1204 dignarum,
1002 1115 1130 1207 spirans
1145 1116 1272 1210 ingenii

194 1222 244 1291 sui
261 1231 533 1301 monumentum,
547 1216 689 1309 reliquit.
699 1218 814 1305 Quare
829 1216 974 1286 Plinium
986 1219 1077 1288 haud
1090 1223 1270 1307 immerito,

194 1326 257 1396 etsi
271 1349 362 1394 novo
384 1346 479 1391 more
501 1321 674 1416 loquendi,
692 1326 843 1392 Naturoe
859 1323 1159 1396 Bibliothecae-uun
1177 1330 1271 1397 Lan·

196 1434 288 1528 gius,
303 1430 456 1499 Heinsius
467 1432 620 1497 Prunum
631 1434 780 1497 omnciem
798 1430 1007 1516 Secundum,
1030 1447 1066 1500 et
1084 1433 1272 1503 sectandum

193 1542 335 1619 rrenrint',
357 1532 583 1629 appellarunt;
597 1535 707 1602 caeteri
723 1534 843 1603 eruditi
862 1560 947 1628 opus
962 1536 1029 1605 hoc
1050 1562 1156 1607 unum
1173 1554 1270 1610 crete·

195 1668 310 1714 rorum
324 1667 344 1711 e
357 1642 455 1710 Latio
470 1642 687 1735 scriptorum,
703 1642 729 1708 si
743 1643 786 1709 ita
798 1665 931 1710 necesse
949 1643 1005 1728 sit,
1017 1642 1149 1736 jactura
1161 1670 1273 1717 emen-

195 1750 275 1819 dum
298 1730 740 1843 pmnunciarunt3civitates
752 1749 832 1840 ipsae
848 1745 1072 1835 nobilissimae,
1089 1753 1270 1823 Brixiensis

196 1857 315 1926 loanni
327 1852 469 1921 ‘laberio
480 1876 569 1920 anno
583 1875 718 1938 novur,
730 1851 999 1925 salmanticensis
1011 1858 1174 1942 Pintiano,
1187 1855 1271 1928 aliae·

196 1987 262 2057 que
273 1959 358 2045 aliis,
368 1956 462 2027 Plinii
477 1959 512 2025 in
529 1956 662 2051 publico
680 1960 864 2051 Gymnasio
880 1961 1117 2055 interpretandi
1139 1966 1271 2058 provin·

197 2070 282 2138 ciam
298 2068 546 2160 imposuerunt,
566 2061 684 2131 salario
697 2065 878 2133 etiamnum
893 2065 1075 2160 largissime
1092 2094 1134 2138 ex
1151 2073 1270 2140 erario

196 2171 378 2269 persoluto.
401 2172 447 2239 Ut
463 2170 532 2262 jam
549 2193 616 2238 sure
631 2168 820 2262 petulantie
830 2171 955 2265 pudere
976 2198 1111 2244 necesse
1130 2177 1173 2246 sit
1191 2200 1269 2261 eos,

196 2283 253 2375 qui
273 2275 391 2373 puerili
410 2274 592 2369 παρωνυμίᾳ
611 2274 753 2345 Plinium
773 2275 927 2346 Planium
946 2279 1109 2351 hactenus
1128 2280 1271 2377 appella·

198 2401 278 2456 runt
294 2378 399 2479 (quod
410 2383 472 2449 viri
486 2406 608 2449 nomen
630 2396 681 2451 est
695 2381 785 2476 apud
802 2384 1015 2470 Ciceronem,
1032 2385 1090 2456 lib.
1105 2412 1141 2458 rx
1152 2387 1268 2459 Famil.

195 2495 302 2589 Epist„
316 2480 412 2588 ¹111),
424 2487 572 2583 planum,
591 2487 656 2557 hoc
673 2489 940 2572 est,mendacem
959 2492 1107 2563 volentes
1119 2494 1269 2590 intelligi.

250 2603 335 2668 Nam
364 2594 455 2690 quod
480 2594 583 2664 multa
603 2594 747 2665 Plinium
775 2595 921 2667 attulisse
936 2599 972 2666 in
991 2599 1136 2669 medium
1154 2603 1270 2671 crimi-

197 2720 320 2775 nantur
351 2701 474 2796 aliqui,
499 2726 574 2794 quae
601 2700 684 2771 salsa
707 2703 792 2791 sint,
818 2728 892 2798 quae
921 2721 1111 2777 commenta
1138 2710 1270 2802 sapiant

196 2815 441 2907 Magorumque
462 2808 639 2894 vanitates,
658 2808 740 2877 nihil
771 2808 805 2877 id
834 2810 947 2904 utique
972 2811 1073 2881 habet
1095 2812 1192 2907 justae
1216 2838 1269 2884 re-

196 2914 433 3014 prehensionis.
452 2911 540 2979 Nam
555 2938 713 3006 quocum
730 2931 928 3009 argumento
947 2917 1109 2988 mendacii
1129 2942 1269 3014 arguas,

196 3025 254 3119 qui
279 3017 362 3088 nihil
382 3018 666 3103 comminiscetur,
694 3020 776 3089 nihil
803 3021 922 3091 alferat
946 3024 1036 3119 quod
1062 3025 1178 3095 haberi
1206 3052 1270 3122 pno

197 3143 290 3199 certo
305 3149 345 3193 ao
362 3122 514 3193 confesso
532 3122 630 3208 velit,
645 3127 725 3221 quin
739 3127 781 3196 sit
794 3126 876 3197 illud
893 3129 980 3199 idem
992 3131 1035 3199 ab
1049 3129 1121 3201 aliis
1134 3134 1271 3228 scripto·

199 3236 306 3316 ribus,
323 3245 416 3300 extra
441 3255 576 3298 ornnem
604 3230 768 3302 mendacii
788 3236 1010 3328 stupicionem
1031 3238 1164 3331 positis,
1183 3264 1270 3333 quos

196 3341 330 3439 quidem
351 3338 417 3407 suis
440 3335 519 3406 locis
545 3335 739 3432 appellaturi
760 3363 893 3429 sumus,
911 3343 1079 3437 proditum
1097 3343 1271 3415 similiter?

196 3452 253 3546 qui
276 3443 377 3514 dubia
394 3468 429 3512 se
451 3444 517 3511 suis
534 3442 671 3513 reddere
683 3445 879 3540 profiteatur
897 3450 1111 3539 auctoribus,
1125 3474 1270 3545 quorum

199 3557 241 3626 ad
260 3552 556 3645 ademptumst,
574 3574 614 3619 ac
634 3548 780 3647 legentes
797 3552 950 3649 ablegat?
964 3557 1021 3650 qui
1038 3556 1181 3651 denique
1200 3559 1273 3627 Ma·

198 3654 317 3758 'goram
339 3670 528 3725 commenta
548 3682 588 3725 eo
610 3658 742 3743 recitat,
759 3659 851 3753 quod
868 3686 937 3756 prae
955 3687 990 3733 se
1008 3661 1073 3732 fert
1093 3664 1165 3758 ipse
1178 3663 1271 3733 haud

198 3770 338 3839 obscure
351 3760 501 3858 passim¹‚
510 3776 547 3831 nt
560 3763 754 3834 eorumdem
774 3766 882 3836 obiter
895 3785 1057 3864 coarguat
1070 3772 1268 3840 vanitatem:

243 3988 548 4053 1.Lib.xxvl1,oeee
566 3996 616 4058 rt,
631 4002 658 4045 et
668 3989 732 4047 alibi
745 3991 851 4063 passim
