2664 4800
473 361 733 429 PRAEFATIO.
1071 383 1137 429 xxv

64 491 243 589 ecgraphis
257 514 392 585 quoque
407 490 486 585 ipsis
500 516 729 587 sepenumero
734 490 958 578 dissiderem
974 488 1137 576 locorum,

64 614 98 668 et
112 596 323 680 animalium,
337 596 583 715 herbarumque
598 588 782 666 vernaculis
801 542 1027 666 nominibus
1002 620 1139 703 signari·

64 703 137 773 dis:
153 702 215 773 sed
235 704 430 799 gravissima
451 702 542 772 luere
561 703 774 773 dissentiendi
795 717 1006 823 argumenta,
1023 704 1139 797 ingen·

65 824 182 905 tesque
195 835 319 897 musa,
330 808 373 878 de
387 811 507 903 quibus
516 809 677 903 judicium
696 810 795 878 faciet
809 810 917 880 omnis
931 807 1138 879 eruditorum

64 930 210 985 senatus.
415 924 417 929 '

117 1024 160 1090 ln
171 1020 415 1115 Geographicis
428 1020 558 1114 quidem
573 1019 1049 1107 vetustosauctores,Tabulas
1063 1045 1141 1091 nau·
1218 1034 1222 1039 '

65 1128 170 1213 ticas,
184 1128 359 1196 Itineraria
382 1141 531 1195 veterum
552 1129 777 1198 recentiumvc
793 1129 1153 1225 scriptorum,lnscri·'

66 1235 200 1328 ptiones
215 1234 386 1326 antiquas,
400 1233 542 1302 Notitias
554 1232 800 1304 Ecclesiasticus
816 1237 950 1304 Graecas
965 1236 1089 1328 pariter
1101 1257 1141 1303 ac

65 1340 227 1424 Latinas,
245 1351 373 1416 veteres
387 1363 556 1426 nummos,
570 1338 698 1434 aliaque
717 1339 835 1409 similia
848 1339 1038 1433 adjumenta
1052 1339 1142 1409 adhi-

65 1444 218 1532 bnirnus,
232 1468 307 1538 quae
320 1443 488 1537 prioribus
508 1459 564 1514 aut
580 1444 707 1516 latuere
720 1447 868 1533 omnino,
879 1460 937 1516 aut
946 1445 1140 1516 difficilioris

64 1551 136 1621 risa
156 1564 238 1619 sunt
256 1548 454 1645 explicatus,
468 1549 661 1646 molestique
675 1552 804 1622 fastidii.
819 1552 884 1621 Sed
903 1567 936 1620 et
954 1552 1042 1623 viros
1056 1558 1140 1648 prae·

65 1672 180 1744 terea,
202 1657 261 1751 qui
277 1654 351 1725 loca
373 1680 413 1725 ea
436 1655 634 1745 lustrarunt,
652 1660 737 1727 Asiae
758 1659 902 1727 maxime
919 1660 1141 1752 Graeciaeque,

66 1764 169 1858 Syriae
185 1788 227 1832 ac
238 1763 530 1880 Mesopotamiae,
521 1788 556 1832 in
570 1764 633 1833 hac
649 1780 759 1859 parte,
773 1762 900 1834 indicer-
913 1764 1063 1833 locorum
1081 1764 1140 1834 hu·

65 1869 221 1955 hulmus,
238 1881 273 1937 et
288 1869 398 1963 operis
415 1868 590 1962 adjutores.

116 1979 159 2045 ln
177 1976 397 2044 animantium
413 1974 532 2045 deinde
549 1989 668 2044 natura
685 1976 895 2098 explicanda,
913 1989 1074 2071 quantum
1090 1932 1142 2046 est

64 2097 244 2153 auctorum
255 2096 404 2150 veterum
418 2106 457 2151 ac
472 2084 652 2150 recentium
662 2085 747 2178 ,qui
764 2085 829 2153 sint
845 2109 879 2152 ιιι
888 2109 928 2152 eo
942 2096 1140 2178 argumento

65 2189 205 2276 versati,
221 2187 432 2257 adscivimus.
447 2189 487 2255 In
504 2212 540 2256 re
561 2188 729 2275 herbaria,
744 2214 813 2259 non
826 2215 884 2259 eos
902 2189 1002 2258 modo
1024 2214 1082 2283 qur
1074 2186 1140 2257 de

65 2318 102 2363 aa
114 2295 336 2365 commentati
350 2307 442 2376 sunt,
455 2292 512 2362 sed
524 2307 558 2363 et
572 2319 661 2382 eam,
673 2321 746 2390 quae
761 2297 816 2366 hic
832 2297 1022 2367 maximeac
1034 2318 1141 2390 prope

65 2398 135 2471 sola
143 2400 354 2484 dominatur,
364 2397 512 2490 αὐτοψίαν
525 2425 532 2468 :
547 2400 637 2495 qnod
651 2417 684 2471 et
693 2402 817 2473 Plinius
831 2404 866 2471 in
881 2427 942 2471 suo
957 2401 1022 2470 hoc
1037 2424 1139 2496 opere

65 2506 300 2578 concinnando
321 2506 435 2575 fecisse
450 2505 618 2601 gloriatur.
635 2508 753 2578 Paucae
768 2524 846 2577 sunt
865 2510 953 2576 enirn
972 2532 1013 2574 ex
1028 2505 1140 2575 herbis

65 2614 119 2698 iis,
139 2637 224 2708 quas
237 2612 365 2682 Plinius
377 2615 502 2707 attigit,
522 2638 596 2707 quae
612 2639 681 2682 non
696 2614 820 2683 luerint
838 2638 858 2681 a
873 2613 968 2682 nobis
982 2614 1017 2679 in
1032 2615 1140 2679 Horto

66 2718 173 2813 Regio
185 2719 423 2789 animadversae
436 2718 621 2814 diligenter,
629 2733 700 2788 tum
715 2720 856 2788 maxime
869 2743 972 2813 quum
984 2715 1141 2811 singulari

68 2847 150 2894 cura
169 2827 199 2895 is
216 2825 399 2913 coleretur,
413 2840 447 2894 et
459 2825 596 2895 totidem
616 2826 685 2895 fere
696 2826 875 2896 herbarum
892 2848 1012 2919 genera
1023 2847 1138 2916 reapse

66 2931 260 3019 exhiberet,
277 2947 359 3025 quot
375 2933 409 3000 in
421 2931 534 3000 Indice
549 2933 634 3026 typis
651 2933 760 3020 edito,
775 2958 862 3002 anno
880 2954 1044 3017 noem,
1059 2954 1139 2999 con·

67 3038 226 3107 tinentur.
248 3041 334 3106 Sunt
343 3037 492 3132 singulae,
510 3039 662 3132 inquam,
680 3039 725 3107 ibi
744 3040 941 3134 praesertim,
962 3035 1139 3131 aliisquein

66 3142 225 3232 hortulis,
249 3145 381 3213 anobis
402 3142 598 3238 exploratae,
623 3144 842 3239 omnibusque
864 3145 933 3213 lere
958 3144 1045 3212 notis
1063 3167 1139 3212 con·

67 3274 188 3344 gruere
203 3274 282 3318 curn
301 3248 447 3319 Pliniana
462 3249 680 3320 delineatione
693 3250 917 3347 deprehensae.

118 3355 276 3450 Denique
290 3356 324 3424 in
339 3381 375 3425 re
389 3356 534 3442 medica,
552 3371 586 3426 et
596 3381 653 3427 eos
665 3356 840 3451 diligenter
854 3382 930 3425 cum
946 3353 1052 3424 Plinio
1066 3352 1142 3423 scri·

67 3476 182 3556 ptores
204 3460 420 3549 contulimus,
438 3487 457 3531 a
476 3463 594 3557 quihus
616 3462 670 3533 ille
691 3479 843 3533 mutuum
871 3461 1016 3555 accepit,
1032 3473 1065 3529 et
1082 3461 1139 3554 qui
1219 3470 1222 3475 ’

67 3567 110 3636 ab
129 3566 250 3638 eodem
267 3567 384 3637 deinde
397 3570 520 3663 pariter
534 3571 686 3640 mutuati.
701 3573 830 3639 Horum
849 3582 959 3636 autern
974 3567 1141 3653 omnium,

67 3673 125 3742 ubi
146 3699 200 3743 res
219 3676 345 3769 poscit,
364 3676 466 3744 verba
488 3675 706 3771 proferimus:
723 3675 838 3745 iisdem
855 3672 1041 3756 interdurn,
1061 3671 1140 3740 bre-

66 3780 181 3850 vitatis
199 3781 329 3867 studio,
349 3782 616 3877 supersedemus,
644 3782 807 3878 designari
838 3779 949 3850 locum
973 3779 1051 3848 satis
1071 3801 1143 3847 esse

66 3887 150 3972 rati,
169 3901 326 3983 tanquam
345 3888 458 3958 sinon
477 3889 654 3959 doceamus
673 3889 736 3976 ibi,
752 3887 809 3958 sed
826 3887 1064 3958 admoneamus
1081 3882 1141 3951 ‹lo-

66 4008 192 4063 cturos.
291 4027 294 4033 ·
