2664 4800
469 365 732 435 PRAEFATIO.
1099 383 1136 426 xi

61 498 116 564 nio
137 521 157 564 e
174 495 296 590 priscis
312 494 504 566 auctoribus
517 495 660 591 aliquos:
675 496 733 566 sed
753 497 800 563 ita
816 511 855 564 ut
870 517 979 587 neque
1001 494 1137 561 Graecos

63 627 118 670 sua
131 600 251 696 lingua
272 600 477 673 consuluerit
492 597 549 689 (id
571 602 661 697 quod
683 602 724 671 de
746 599 941 672 Dioscoride
967 601 999 666 in
1022 597 1137 692 primis

63 701 397 796 animadvertimus),
416 722 448 776 et
461 708 504 778 ad
515 724 711 779 caeterorum
728 721 873 777 mentem
892 704 1039 774 Pliniana
1052 727 1138 797 soepe

63 816 184 908 scripta
203 829 381 909 torqueat,
401 828 594 909 textumque
613 814 710 911 plane
732 816 893 901 invertat,
911 836 1013 906 quum
1034 834 1136 903 expe-

66 919 133 988 dire
156 946 193 989 se
213 919 312 989 aliter
333 923 462 1014 nequit,
476 921 667 1016 nodumque
686 920 833 1009 scindat,
848 921 902 990 cui
922 916 1082 987 solvendo
1101 939 1136 983 sc

63 1051 126 1094 non
147 1051 224 1095 esse
245 1050 360 1120 parem
379 1026 554 1120 intelligit,
578 1027 695 1096 audaci
718 1029 823 1120 magis
844 1049 943 1121 quam
969 1019 1136 1090 laudando

62 1147 194 1200 conatu.
211 1134 321 1200 Fateri
339 1146 452 1201 tamen
474 1131 567 1202 illum
586 1157 719 1202 necesse
738 1147 805 1215 est,
829 1130 879 1200 vel
897 1127 1014 1225 paulo,
1034 1151 1135 1222 quam

62 1240 255 1307 Btaaaaus
276 1236 357 1325 fuit,
374 1237 610 1333 religiosiorem
629 1238 824 1332 fuisse¹,qui
837 1237 1044 1329 conjecturas
1060 1257 1136 1302 suas

62 1343 213 1412 Pliniano
235 1345 331 1438 operi
351 1360 469 1439 sponte
494 1371 563 1415 non
584 1346 780 1415 inseruerit:
795 1342 848 1413 vel
874 1341 963 1412 haud
977 1365 1070 1434 aeque
1091 1341 1137 1407 in·

61 1463 229 1517 structum
250 1450 293 1517 ab
310 1452 442 1537 amicis,
461 1452 580 1545 quibus
599 1454 733 1520 inventa
753 1474 814 1520 sua
835 1451 881 1519 sic
906 1447 1081 1544 probaret,
1099 1459 1137 1513 ut

62 1580 97 1621 ea
119 1558 155 1622 in
178 1571 374 1626 contextum
395 1557 564 1628 adderent.

113 1663 190 1730 Fuit
204 1661 374 1731 modestiae
392 1678 450 1733 aut
464 1667 561 1734 sortis
575 1690 642 1735 non
654 1664 791 1734 omnino
809 1660 964 1731 absimilis
979 1663 1135 1729 lacones

62 1769 344 1856 DanscaurmS,
359 1770 608 1840 Cadomensise
630 1771 809 1855 Neustria,
824 1794 891 1837 non
903 1767 1025 1835 infirnae
1047 1778 1135 1832 notae

62 1897 132 1940 aero
148 1899 212 1942 suo
230 1874 398 1945 medicus:
413 1880 469 1971 qui
488 1903 591 1972 quum
612 1876 752 1972 duplicis
769 1876 898 1970 generis
910 1888 1006 1942 notas
1025 1873 1058 1938 in
1077 1869 1137 1939 Pli-

60 1981 153 2048 nium
174 1980 304 2066 ederet,
318 1981 438 2051 alteras
457 1983 654 2052 emendandi
667 2007 782 2066 causa,
796 1981 915 2050 alteras
926 1977 1134 2061 illustrandi,
1165 2070 1169 2076 .

60 2087 188 2178 priores
209 2089 359 2182 margine
381 2087 455 2158 libri
479 2092 644 2175 coercuit,
670 2091 833 2183 jussitque
863 2090 949 2156 intra
971 2111 1028 2155 cos
1050 2083 1134 2152 fines

60 2194 234 2261 continere
249 2219 339 2278 sese,
359 2219 420 2264 nec
435 2197 617 2292 irrumpere
632 2197 665 2264 in
681 2209 884 2265 contextum.
900 2196 944 2262 Et
964 2205 1041 2261 sunt
1055 2214 1132 2259 sane

59 2323 178 2367 omnes
208 2300 447 2371 audaciuscule
475 2304 694 2395 conjecturae,
719 2326 781 2371 nec
813 2301 887 2370 ullae
919 2299 1055 2368 omnino
1083 2309 1135 2364 sat

59 2404 183 2474 felices.
203 2435 222 2469 α
234 2406 485 2502 Dalecampius,
504 2410 612 2478 aiebat
630 2409 708 2478 olim
727 2405 927 2494 nonnemo²,
941 2408 994 2474 vir
1010 2401 1132 2494 alioqui

59 2511 142 2580 bene
162 2511 298 2598 doctus,
320 2512 460 2583 Plinium
472 2515 714 2584 emendandum
730 2529 764 2583 et
778 2512 1008 2584 excudendum
1028 2532 1133 2577 susce
1224 2509 1226 2514 ’

58 2619 130 2709 pit:
151 2619 211 2686 sed
232 2644 295 2713 qua
322 2635 372 2688 est
391 2621 541 2710 audacia,
563 2624 675 2690 omnia
695 2622 838 2688 invertet
857 2634 891 2686 et
912 2627 1104 2707 corrumpet
1123 2638 1133 2695 ς

58 2725 150 2816 quia,
174 2724 265 2817 quod
293 2724 387 2794 multi
413 2726 536 2814 solent,
556 2730 582 2795 si
608 2728 673 2795 hoc
699 2725 822 2795 illudve
842 2720 1041 2793 vocabulum
1063 2743 1132 2787 non

57 2830 195 2916 arridet,
210 2833 320 2899 statim
339 2833 509 2918 immutat,
524 2857 563 2902 ac
581 2858 667 2927 saepe
684 2834 716 2900 in
728 2833 881 2901 deterius.
895 2860 912 2895 a
930 2832 1032 2898 Vates
1051 2826 1130 2911 fuit,

59 2961 116 3003 nec
131 2938 309 3030 pauciores
326 2937 450 3007 idcirco
465 2964 541 3008 cum
555 2965 594 3008 eo
614 2939 697 3025 fere,
710 2964 807 3032 quam
827 2962 903 3006 curn
918 2935 1130 3004 amanuensi-

58 3040 117 3110 bus
131 3044 192 3136 qui
207 3041 348 3111 Plinium
365 3069 562 3140 corrupere,
580 3045 791 3115 conserendae
810 3044 904 3113 nobis
921 3067 1041 3137 pugnae
1059 3041 1129 3109 fue·

58 3163 144 3216 mnt.
170 3149 473 3221 Animadvertimus
497 3154 596 3221 etiam
618 3151 848 3246 postmodum,
866 3175 947 3243 quas
968 3146 1041 3233 ille,
1055 3162 1128 3215 tau·

59 3279 157 3345 quam
178 3279 220 3323 ex
239 3259 316 3324 Vet.
338 3281 396 3325 seu
416 3272 529 3327 vetere
550 3257 748 3353 exemplari,
766 3255 818 3325 vel
839 3282 879 3325 ex
906 3259 957 3324 M.
976 3254 1041 3322 hoc
1060 3268 1128 3337 est,

59 3362 287 3455 manuscripto
309 3362 422 3432 codice
448 3364 575 3458 profert
603 3366 711 3433 varias
742 3363 917 3448 lectiones,
945 3386 1012 3429 non
1037 3358 1127 3427 aliud

98 3588 121 3622 r.
138 3570 209 3635 Quis
231 3571 297 3624 ferat
310 3571 453 3627 Hermolao
465 3577 639 3630 temeritatem
658 3575 798 3647 imputari,
814 3591 873 3646 quae
888 3572 909 3624 si
924 3591 975 3643 qua
992 3570 1059 3633 fulls
1072 3588 1127 3621 ⁰⁰¹¹

59 3653 111 3719 ejus
126 3650 193 3713 luit,
210 3649 257 3702 sed
276 3654 452 3723 posteriorum
469 3654 623 3709 editorum?
636 3657 682 3709 Isti
700 3656 771 3707 enim
788 3656 951 3725 conjecturas
967 3652 1001 3703 ab
1017 3649 1064 3700 illo
1084 3668 1126 3701 ve·

60 3727 176 3781 retunde
187 3733 338 3800 propositas
351 3733 514 3787 festinantius
526 3737 633 3789 fortasse
645 3748 801 3806 receperunt
816 3755 822 3784 :
841 3751 991 3805 quanquam
1008 3747 1062 3782 non
1082 3748 1128 3780 ex-

60 3809 157 3879 templo
169 3808 329 3875 damnandi,
343 3813 364 3862 si
377 3811 521 3867 doctissimi
534 3817 585 3869 viri
596 3815 737 3888 opiniones
752 3815 909 3886 plerumque
919 3825 1002 3866 rectas
1012 3809 1125 3878 vulgatu

60 3887 165 3940 lectioni
181 3890 274 3958 sepius
288 3889 440 3946 adulteratas
454 3897 634 3964 praendemnt.
650 3894 700 3946 En.

97 3988 121 4020 a.
136 3967 252 4037 Scaliger
264 3970 292 4022 in
305 3970 497 4041 Scaligerianis.
