2664 4800
531 344 793 413 PRAEFAI‘IO.
1112 368 1199 413 xant
1229 290 1232 295 ·

126 473 205 542 dum
223 487 292 558 est,
309 472 515 569 deprehendi
533 476 661 559 statius,
678 499 751 568 que
775 487 809 542 et
827 471 917 541 unde
943 486 1058 541 mutua
1075 471 1199 544 Plinius

127 582 314 674 acceperit,
336 581 500 674 expressis
527 581 721 652 indicatisve
747 577 849 665 locis,
873 604 946 672 quae
971 593 1105 650 secutus
1129 580 1202 649 sit?

126 684 275 778 ejusdem
297 684 394 755 simul
418 701 528 757 errata
548 689 708 782 coargui,
728 687 755 755 si
774 709 847 779 quae
869 700 961 785 suut,
982 684 1094 755 iisdem
1112 687 1199 764 inter

127 816 161 861 sc
176 789 335 861 collatis?
353 793 525 863 Interdum
538 795 572 862 in
589 791 793 863 Dioscuridis
806 791 988 882 concedere
1001 795 1198 862 seutentiam

126 891 265 991 (placet
284 898 373 967 enim
397 901 430 967 in
448 897 515 968 hoc
532 898 720 994 exemplum
748 911 891 996 statuere
904 889 937 985 ),
953 922 995 966 ne
1017 901 1197 981 mentitus;

125 1003 219 1073 abire
232 1028 475 1099 nonnunquam
496 1005 680 1091 diversum,
696 1029 739 1072 ne
758 1017 927 1072 mutuatus
944 1004 987 1071 ab
1002 1028 1044 1073 eo
1064 1029 1138 1098 que
1154 1006 1201 1074 al·

126 1108 208 1195 lert,
222 1111 442 1180 existimetur.
450 1111 600 1181 Potuisse
613 1113 702 1181 enirn
715 1107 867 1205 equidem
882 1134 949 1178 nun
965 1108 1111 1179 dilliteor
1121 1136 1197 1181 eunr

126 1213 297 1310 appellare
311 1216 398 1285 iuter
417 1231 554 1287 caeteros
572 1242 634 1312 per
649 1241 732 1312 quos
748 1215 888 1311 profecit
902 1207 952 1302 (si
967 1229 1094 1305 tamen,
1108 1218 1198 1311 quod

125 1320 223 1390 nrrlti
241 1323 353 1391 verius
373 1337 513 1417 negant,
533 1325 695 1394 vetustior
714 1320 820 1391 Plinio
844 1321 1057 1391 Dioscorides
1077 1321 1153 1391 suit¹
1168 1318 1197 1412 ):

124 1426 273 1499 noluisse
285 1442 418 1515 autern,
435 1442 507 1499 tum
524 1430 616 1525 quod
634 1431 723 1526 ipsos
735 1453 803 1522 prae
818 1426 970 1496 manibus
980 1442 1132 1499 auctores
1144 1429 1199 1498 ha·

125 1533 240 1620 beer,
250 1556 294 1603 ex
305 1534 426 1628 quibus
436 1559 529 1605 suam
543 1535 754 1607 Dioscorides
766 1535 935 1629 epitomen
943 1536 1199 1621 consarcinavit;

126 1652 197 1709 turn
212 1639 308 1734 quod
324 1640 401 1734 jure
414 1644 583 1736 aspernari
603 1643 711 1737 potuit
726 1639 958 1710 Dioscoridcm
974 1637 1112 1725 Plinius,
1133 1641 1199 1711 hoc
1314 1734 1317 1739 Ι

125 1759 196 1831 ω,
210 1744 317 1817 homo
335 1749 506 1818 Romanus
522 1762 696 1817 externum
717 1746 905 1829 hominem,
926 1770 1025 1839 quern
1044 1747 1094 1815 sui
1114 1772 1197 1840 quo-

123 1875 192 1945 quc
207 1850 387 1947 populares
407 1851 459 1921 vel
474 1854 610 1924 inscitiae
629 1878 715 1948 saepe
736 1867 932 1946 coarguant,
952 1866 989 1922 ut
1003 1853 1045 1934 is,
1055 1853 1111 1946 qui
1123 1868 1199 1946 post

125 1979 232 2026 annus
260 1955 389 2052 aliquot
412 1958 511 2046 vixit,
534 1960 586 2028 vir
602 1959 716 2053 judicii
739 1961 773 2028 in
798 1982 838 2028 eo
862 1983 982 2052 genere
1004 1957 1197 2028 limatissisui

125 2060 308 2151 Galenus',
322 2087 361 2133 ac
374 2063 494 2134 deinde
508 2065 664 2152 Photius3
674 2063 727 2134 vel
746 2079 837 2134 certe
850 2063 1040 2159 negligunt,
1055 2080 1092 2136 ut
1103 2066 1200 2135 Athe

125 2192 233 2254 neus,
256 2170 314 2263 qui
327 2195 431 2263 quum
450 2172 625 2241 infimecis
638 2171 829 2241 auctoribus
849 2168 1052 2265 appellandis
1064 2173 1198 2240 minime

125 2271 205 2342 alias
219 2299 342 2368 parcus
358 2276 418 2362 sit,
431 2277 660 2346 Dioscoridcm
674 2302 717 2345 ne
725 2275 825 2347 semel
844 2276 977 2369 quidem
992 2275 1143 2345 laudarit.

130 2429 138 2443 .
176 2383 263 2449 Haec
279 2381 381 2474 igitur
397 2380 557 2467 subsidia,
575 2383 647 2451 haec
664 2382 785 2452 laboris
803 2384 906 2451 nostri
924 2381 1114 2474 adjumenta
1130 2383 1199 2450 luc·

125 2500 224 2571 nint,
239 2484 361 2578 quibus
378 2487 413 2553 in
434 2487 570 2582 singulis
593 2487 824 2582 conquirendis
837 2502 997 2580 quantuni
1013 2487 1134 2555 laboris
1149 2489 1195 2555 in·

126 2605 301 2686 sumptum
319 2592 376 2678 sit,
391 2591 487 2661 facile
503 2596 526 2663 ii
543 2596 734 2665 aestimaturi
753 2608 847 2679 sunt,
868 2595 924 2686 qui
939 2593 1003 2662 lroc
1019 2617 1122 2686 genus
1136 2607 1200 2661 stu·

125 2696 261 2766 diorum
272 2721 371 2790 quam
385 2699 427 2766 sit
440 2697 559 2768 fastidii
573 2699 726 2794 taediique
735 2697 869 2794 plenum
881 2723 980 2792 perse
992 2700 1053 2792 ipsi
1064 2713 1196 2767 norunt.

126 2802 310 2893 Veneficio
327 2827 422 2888 mea,
449 2808 611 2899 Quirites,
636 2807 711 2874 lraec
731 2821 810 2874 sunt
818 2789 841 2890 ³,
863 2805 1031 2896 inquiebat
1052 2802 1120 2888 ille,
1141 2808 1199 2899 qui

126 2933 231 3003 quum
251 2911 286 2977 iu
313 2934 417 3003 parvo
435 2909 613 2982 admodum
632 2910 738 3006 agello
764 2910 921 3006 largiores
943 2910 1049 2979 multo
1071 2909 1198 2979 fructus

126 3016 331 3109 perciperet,
343 3040 492 3109 quarnex
503 3017 709 3112 amplissimis
720 3019 885 3105 vicinitas,
897 3020 930 3086 in
942 3017 1063 3087 invidia
1078 3042 1199 3111 magna

123 3135 217 3207 erat,
235 3145 300 3191 ceu
314 3121 426 3217 fruges
442 3121 563 3194 alienas
576 3123 744 3218 pelliceret
756 3123 945 3192 veneficiis:
965 3149 1029 3193 nec
1039 3147 1196 3219 possum,

127 3227 251 3320 adjecit
275 3226 383 3313 idem,
403 3229 500 3298 uobis
522 3230 717 3316 ostendere,
744 3246 805 3298 aaa
834 3234 869 3298 iu
882 3229 1008 3320 soram
1029 3229 1199 3301 artam

126 3332 382 3402 honoratiores
408 3359 519 3420 reseas,
534 3338 694 3431 vigilias,
712 3351 748 3404 et
763 3335 912 3404 surlores.

179 3440 234 3509 Ne
243 3463 325 3508 veru
335 3440 474 3509 inaniter
483 3457 596 3512 nostra
604 3442 763 3512 collocata
772 3466 875 3537 opera
888 3443 1103 3527 existimetur,
1117 3441 1200 3509 scito

170 3692 197 3727 r.
220 3673 319 3726 stetin·
339 3672 373 3726 sd
396 3674 510 3727 Broterii
531 3676 731 3746 prelationem,
749 3695 812 3728 mox
831 3678 1045 3736 subsecuturam,
1065 3676 1132 3728 lianc
1152 3694 1200 3727 nus

123 3752 336 3824 disputationem
351 3751 542 3825 nggrediemur‚
558 3756 604 3807 ubi
616 3755 677 3808 vide
691 3757 839 3808 Excursnru
855 3757 890 3807 ll.
908 3755 959 3807 Eu.

170 3854 198 3886 a.
211 3832 344 3899 Grlenus,
356 3833 476 3897 titivlt,
486 3833 522 3887 de
537 3835 600 3889 Fac.
612 3835 690 3906 simp.
704 3834 801 3889 medie.
813 3854 871 3906 pag.
893 3841 946 3905 ¹94
956 3874 964 3900 ,
974 3849 1000 3890 et
1012 3837 1059 3888 lib.
1073 3836 1128 3901 XI,
1141 3852 1201 3904 pag.

127 3911 415 3977 301;Phorius‚cod.
433 3918 494 3982 178.

167 3992 197 4045 3.
214 3990 297 4064 Apud
309 3992 377 4046 Plin.
390 3993 437 4046 lib.
450 3994 545 4046 XVIII
555 4032 563 4060 ,
573 4007 636 4049 sect.
654 3996 680 4049 8.

978 4089 1022 4167 bt
