2664 4800
208 355 277 400 xnu
386 332 456 398 Ex
483 328 746 397 BROTERII
768 328 1111 401 ,PRAEFATIONE

263 462 400 532 Biennio
414 459 508 555 post¹
527 458 752 555 pulcherrima
767 474 932 531 terrarum
949 462 1147 556 Campania,
1168 461 1280 532 fureu-

212 569 299 638 tibus
320 569 408 636 intus
428 567 577 661 ignibus,
599 592 760 636 concussa
781 583 832 637 est
856 568 1073 652 tremoribus,
1094 569 1281 663 mirumque

211 677 245 742 in
253 674 389 743 modum
398 674 516 743 ardere
528 675 807 768 coepitVesuvius.
817 674 956 763 Plinius,
967 675 1161 743 Misenensis
1169 673 1281 743 classis

211 781 398 874 prefectus,
406 804 548 875 praesens
560 794 631 850 tum
639 772 763 850 aderat.
772 783 823 849 Ut
831 784 944 851 amicis
953 781 1144 874 ceterisque
1154 779 1283 874 pericli·

212 887 359 956 rantibus
371 912 469 980 opem
479 875 591 969 ferret,
599 888 670 980 ipse
677 911 809 980 quoque
816 902 969 956 naturam
977 889 1063 955 inter
1070 886 1220 954 incendia
1231 911 1284 955 ex·

214 990 367 1087 plorandi
380 993 515 1080 avidus,
528 1007 676 1062 montem
692 991 773 1061 adiit
786 995 872 1063 inter
885 992 1078 1087 depluentes
1088 995 1236 1061 cinerum
1251 1008 1284 1061 et

213 1100 384 1193 pumicum
400 1098 557 1169 turbines.
566 1100 657 1167 Dum
670 1100 806 1193 propius
821 1098 984 1183 succedit,
996 1099 1138 1168 flammis
1152 1114 1185 1167 et
1196 1099 1285 1167 llam·

214 1229 344 1274 marum
366 1207 552 1301 praenuntio
574 1205 677 1274 odore
696 1205 864 1299 sulphuris
882 1207 1087 1274 exanimatus
1108 1220 1174 1291 est,
1195 1229 1285 1274 anno

214 1313 319 1380 aetatis
337 1337 404 1380 suae
425 1312 699 1406 quinquagesimo
717 1314 820 1381 sexto.
838 1312 935 1399 Non,
952 1326 990 1380 ut
1003 1308 1192 1381 mortalium
1210 1309 1285 1379 vul-

215 1442 292 1511 gus,
306 1418 426 1512 ignara
439 1432 547 1487 morte
567 1419 683 1511 periit3
702 1416 777 1504 sed,
794 1433 832 1487 ut
843 1417 973 1513 populi,
984 1431 1022 1486 ut
1035 1416 1149 1501 urbes,
1165 1440 1287 1510 magua

215 1522 327 1607 clade,
345 1539 379 1592 et
396 1524 482 1592 inter
502 1524 716 1592 humanitatis
741 1520 933 1618 naturaeque
957 1523 1065 1593 studia
1090 1522 1231 1597 occidit:
1251 1524 1287 1590 in

197 1628 386 1698 ‘hominum
402 1630 489 1699 fama
504 1645 662 1699 arternum
681 1631 838 1700 victurus.
852 1634 996 1700 Tantum
1010 1655 1142 1724 quoque
1157 1626 1288 1697 felicita·

216 1737 257 1803 tis
271 1751 439 1805 assecutus
448 1751 515 1825 est,
533 1752 571 1804 ut
584 1738 706 1805 sororis
720 1762 786 1806 suae
797 1735 1042 1829 filiu1n²‚quem
1056 1735 1288 1829 adoptaverat,

213 1843 356 1910 nominis
373 1843 421 1910 sui
432 1842 598 1911 haeredem
614 1841 795 1936 reliquerit,
804 1843 987 1913 litterarum
1001 1857 1035 1912 et
1044 1844 1205 1911 virtutum
1223 1838 1289 1933 glo«

216 1948 265 2014 ria
287 1947 497 2015 simillimum.

269 2055 413 2123 Historia
429 2052 614 2140 Naturalis,
627 2080 701 2148 quae
719 2080 737 2123 e
754 2070 805 2124 tot
818 2054 916 2125 Plinii
934 2054 1090 2149 operibus
1110 2077 1178 2122 una
1199 2076 1288 2121 nunc

217 2300 320 2352 venisse
331 2298 409 2352 rideo
420 2299 492 2352 inter
505 2299 609 2353 doctos.
623 2300 749 2372 Plerique
769 2311 858 2354 tamen
873 2300 955 2354 hodie
968 2301 1118 2354 Rezaonico
1129 2311 1157 2352 et
1167 2299 1291 2353 Broterio

217 2379 408 2444 consentiunt,
419 2381 617 2451 Vespasianum
631 2398 705 2446 v111,
718 2381 812 2434 Titum
831 2399 862 2435 vr
874 2380 999 2434 consules
1010 2380 1063 2433 hoc
1082 2397 1155 2433 anno
1168 2379 1291 2432 iacienti-

219 2457 285 2522 bus,
296 2460 343 2529 qui
357 2460 498 2512 Fastorum
512 2477 581 2525 aera,
600 2477 762 2526 neccarum
778 2459 857 2531 juxta
869 2461 1000 2514 Varronis
1016 2459 1152 2524 calculos,
1162 2476 1290 2512 ncccxxx

219 2537 405 2591 numerandus
419 2549 467 2591 est.
480 2540 598 2593 Consule
608 2541 750 2594 Fastorum
764 2550 904 2606 auctores,
917 2540 1055 2609 Pighium,
1068 2540 1221 2603 Norisium‚
1233 2539 1292 2590 Mu·

220 2619 371 2681 ratorium;
389 2629 437 2671 aut
452 2619 475 2671 si
495 2629 602 2691 tempus
619 2619 686 2685 tibi,
700 2620 741 2672 rel
760 2621 782 2673 si
801 2620 925 2674 voluntas
944 2619 1031 2685 deest,
1045 2618 1135 2673 obiter
1157 2619 1293 2686 interroga

219 2697 336 2750 Annales
351 2708 457 2751 nostros
471 2698 610 2752 Plinianos
622 2717 692 2770 quos
705 2711 830 2754 accurate
846 2700 1008 2770 descriptos,
1022 2701 1093 2751 inter
1104 2700 1242 2751 Ercursus
1257 2697 1291 2749 ad

220 2777 291 2830 hanc
303 2777 384 2829 Plinii
397 2778 491 2841 vitam,
505 2780 585 2831 tertio
599 2778 659 2832 loco
672 2777 857 2849 subjiciemus.
869 2782 1001 2833 Caeterum
1015 2778 1067 2831 hoc
1080 2795 1152 2831 anno
1164 2794 1294 2830 ncccxxx

219 2855 338 2908 Plinium
356 2856 493 2909 Naturalis
509 2857 633 2910 Historiae
646 2876 716 2928 opus
738 2858 882 2912 absolvisse
898 2857 981 2911 tradit
997 2868 1024 2910 et
1039 2857 1221 2920 Muratorius,
1237 2858 1294 2908 An·
1314 2891 1317 2895 -

222 2935 275 2987 nal.
298 2952 356 3005 pag.
373 2933 445 2999 310,
465 2935 500 2987 ad
515 2953 617 2989 anirum
636 2937 736 2990 Christi
752 2955 798 3006 77.
821 2937 875 2991 Sed
892 2955 964 2989 anno
980 2938 1104 3008 sequenti
1123 2935 1293 3009 publicatum

223 3012 306 3066 luisse
319 3013 438 3067 ostendit
450 3016 629 3078 senonicus,
644 3017 763 3087 primum
783 3017 859 3087 quod
872 3018 930 3089 ipse
942 3016 1064 3080 Plinius,
1074 3016 1120 3069 lib.
1134 3016 1209 3079 XIV,
1219 3033 1244 3067 c.
1260 3010 1294 3078 5,
1313 3028 1319 3038 “

219 3103 249 3145 ct
264 3092 310 3145 lib.
322 3090 455 3158 xnvut,
466 3111 525 3166 cap.
539 3093 572 3160 3,
584 3096 753 3165 octingentos
764 3097 874 3167 triginta
887 3114 972 3150 annos
986 3096 1021 3149 ab
1034 3096 1108 3149 Urbe
1120 3092 1232 3148 condita
1244 3110 1294 3146 nu·

223 3183 325 3238 meret;
341 3172 441 3226 deinde
454 3173 543 3245 quod,
559 3174 605 3228 lib.
620 3176 689 3242 v11,
705 3193 766 3247 cap.
781 3173 833 3241 50,
846 3193 958 3229 censum
969 3193 984 3228 a
997 3177 1163 3247 Vespasiano
1174 3174 1295 3243 Titoque

223 3262 313 3305 actum
328 3264 458 3306 memoret
479 3253 556 3307 entra
572 3253 809 3327 quadriennium,
824 3257 901 3327 isque
917 3273 1028 3317 census,
1043 3265 1110 3308 teste
1125 3254 1296 3315 Censorino,

223 3332 380 3403 Vespasiani
394 3333 506 3404 quinto,
521 3334 578 3388 Titi
588 3345 678 3388 autem
687 3337 768 3390 tertio
781 3336 934 3389 consulatui
948 3334 1124 3406 respondeat,
1136 3350 1208 3386 anno
1217 3334 1253 3386 U.
1263 3334 1296 3387 C.

224 3429 390 3466 ncccxavrr.
405 3414 458 3467 En.
1023 3437 1024 3440 ¹

269 3509 294 3544 1.
317 3493 397 3544 Anno
405 3493 440 3545 U.
451 3494 481 3546 C.
495 3510 663 3558 ncccxxrua,
675 3506 737 3566 post
750 3496 888 3549 Christum
901 3512 951 3568 79,
963 3513 1019 3566 quo
1030 3511 1102 3547 anno
1115 3492 1299 3563 Vespasianus

225 3571 317 3623 novies
326 3570 422 3623 consul
432 3572 502 3624 maio
513 3590 604 3625 mense
613 3573 875 3629 decessit.Vesuvius
886 3576 985 3628 exarsit
999 3571 1117 3627 Calend.
1128 3566 1299 3634 norembn's,

225 3660 288 3714 aut,
301 3659 331 3702 ut
341 3650 399 3702 aliis
413 3650 501 3720 placet
514 3653 609 3718 (Plinii
624 3656 696 3707 enim
710 3657 809 3709 Caecilii
822 3665 911 3709 textus
922 3655 1038 3721 variat),
1052 3655 1091 3707 tx
1104 3652 1153 3705 cal.
1164 3649 1297 3722 septemb.

226 3739 359 3782 autumno
372 3739 458 3793 certe,
472 3737 539 3789 κατὰ
553 3739 580 3790 τὸ
592 3736 749 3811 φοὶνόπωρον,
761 3746 827 3789 teste
841 3732 995 3805 Xiphilino,
1007 3734 1073 3786 hora
1084 3732 1140 3786 sere
1150 3731 1204 3784 diei
1218 3729 1301 3800 septi-

227 3826 286 3873 ma;
301 3827 378 3861 mane
396 3811 518 3879 sequenti
536 3813 719 3867 exanimatum
734 3834 791 3868 esse
803 3813 967 3867 avunculum
983 3830 1080 3878 suum,
1093 3813 1189 3865 Tacito
1205 3818 1300 3862 narrat

227 3890 256 3941 iu
270 3889 381 3958 epistola
393 3889 524 3943 Caecilius.
538 3893 589 3945 En.

267 3986 294 4021 a.
309 3970 339 4022 C.
347 3969 464 4023 Plinium
476 3970 613 4025 Caecilium
623 3973 793 4038 Secundum,
805 3975 836 4028 C.
848 3972 946 4028 Caeciiii
957 3973 1096 4029 Comensis
1105 3970 1202 4032 filium,
1212 3979 1239 4023 ct
1249 3967 1301 4021 Pli-
