2670 4808
114 294 121 303 ·
201 276 302 367 xxxvi
392 296 459 364 ax
485 295 733 362 uaorann
762 293 1084 363 ermanricus

170 426 173 431 ’
201 435 241 500 L.
258 430 445 522 Pomponio
465 426 638 496 Secundo'
656 427 783 522 legato,
803 441 856 514 ut,
871 451 970 521 quem
985 429 1120 496 sortitus
1136 443 1209 497 erat
1217 428 1273 499 du»

201 560 289 623 cem,
303 536 447 604 amicum
456 558 589 628 semper
605 535 647 602 sit
663 548 830 630 expertus.
846 536 898 601 Ex
909 534 1054 626 ingenita
1071 536 1182 603 autem
1193 533 1263 605 litte

201 666 314 711 rarum
333 640 503 735 cupidine,
530 641 609 733 ipsae
631 654 814 709 castrorum
836 654 922 708 artes
944 640 978 706 in
1000 639 1106 708 studia
1127 665 1273 725 cessere,

202 748 390 840 librumque
404 745 445 814 de
460 746 679 816 lucidatione
694 744 856 840 equestri²
873 748 1076 839 composuit,
1087 771 1190 839 quum
1204 748 1274 841 ipse

202 869 287 924 esset
305 852 363 921 alar
384 853 568 947 praefectus.
591 855 741 921 Devictis
771 852 903 920 interim
931 853 1050 936 Cattis,
1072 854 1275 946 Pomponius

205 957 438 1053 triumphalem
460 958 624 1026 honorem
646 971 815 1041 assecutus
828 971 885 1025 est.
908 960 964 1041 ht,
985 956 1098 1051 gloria
1118 982 1186 1026 suae
1206 983 1275 1026 nou

202 1065 260 1134 diu
287 1079 472 1185 superstes,
491 1088 613 1132 novam
638 1062 743 1131 Plinio
766 1062 929 1131 scribendi
955 1066 1125 1132 materiem
1146 1062 1277 1132 obtulit

203 1175 299 1256 Haec,
324 1168 409 1238 vel
400 1196 434 1239 ιιι
455 1172 528 1264 ipso
553 1169 665 1255 luctu,
693 1182 785 1237 tauto
815 1169 941 1262 gratior
967 1168 1110 1256 accidit,
1130 1168 1254 1262 quod
1245 1193 1278 1237 ιιι

204 1275 376 1345 scribenda
397 1279 581 1371 Pomponii
604 1260 717 1356 aito³,
741 1274 860 1343 ducem
890 1274 1105 1343 fortissimum
1117 1290 1280 1394 ,poetam

154 1374 161 1395 ”
202 1407 387 1452 carminum
399 1379 496 1450 laude
505 1379 765 1475 praecellentem
780 1394 1123 1474 spectatissimumque
1135 1404 1281 1451 ornicum

205 1488 396 1558 celebraret.

257 1598 342 1662 'sum
365 1595 398 1661 in
421 1593 503 1662 urbe
528 1618 547 1662 e
569 1607 753 1688 castrorum
780 1591 926 1661 tumultu
949 1592 990 1660 ad
1015 1591 1079 1660 sori
1104 1594 1282 1688 strepitum

204 1714 409 1770 accesserat.
429 1725 529 1793 quam
555 1700 686 1768 tueudae
712 1700 827 1794 patriar
853 1699 970 1782 armis,
993 1696 1142 1767 eamdem
1164 1698 1283 1769 defen·

206 1806 322 1875 dendis
344 1805 532 1899 eloquentia
556 1806 682 1874 civibus
708 1829 845 1899 operam
869 1808 1087 1899 impensurus.
1107 1806 1168 1873 His
1194 1806 1284 1874 curis
1320 1880 1324 1887 ,

207 1916 334 1981 intento
353 1911 557 1980 alacritatem
576 1896 743 1980 addebant
758 1910 850 1978 haud
864 1907 961 1978 illaeta
974 1911 1137 1979 Neronis
1129 1911 1239 1980 mitia.
1250 1913 1284 1980 in

209 2019 376 2112 principe,
389 2017 446 2110 qui
468 2001 530 2085 sub
556 2002 653 2087 Burri
668 2030 702 2084 et
724 2017 857 2084 Senecae
880 2014 1054 2109 disciplina
1074 2014 1285 2105 adoleverat,

208 2122 393 2193 litterarum
408 2120 615 2216 splendorem
633 2122 809 2206 ominatos,
824 2135 891 2191 tres
905 2120 1018 2209 libros,
1031 2071 1285 2194 Sczmasoruml

256 2316 279 2352 t.
294 2301 327 2350 L.
340 2297 507 2367 Pomponius
519 2293 674 2360 Secundus,
684 2313 766 2365 quem
779 2293 882 2348 Plinius
896 2294 1065 2350 consularem
1079 2308 1186 2369 poetam
1199 2308 1287 2355 vocat,

213 2378 262 2435 lib.
276 2377 346 2440 Vll,
361 2395 385 2430 c.
398 2372 432 2441 8,
445 2386 531 2428 vatem
552 2375 692 2445 civemque
705 2374 900 2439 clarissimum,
916 2377 934 2428 Ι.
948 2378 1027 2441 XIII,
1040 2395 1064 2430 c.
1082 2377 1134 2441 26,
1144 2394 1287 2448 perperam

214 2478 229 2510 a
244 2456 336 2510 multis
348 2472 412 2509 curn
424 2453 506 2507 fratrc
518 2455 624 2520 Quinto
639 2453 834 2518 confunditur,
849 2456 913 2525 qui,
929 2455 1050 2525 Caligula
1071 2466 1200 2527 pereunte
1214 2474 1290 2511 anno

214 2534 524 2605 nccxcrv,cousulatum
533 2533 651 2603 gerebat
661 2534 833 2601 HicLucius,
839 2535 905 2588 Caio
920 2536 1082 2606 imperante,
1090 2537 1224 2589 incertum
1232 2546 1290 2607 qtro

217 2635 289 2670 nuno
300 2615 396 2669 consul
409 2612 518 2669 videtur
536 2612 668 2667 suiiectus
680 2612 772 2677 luisse,
782 2613 823 2666 vel
838 2613 950 2668 sortasse
963 2614 1114 2668 consularia
1127 2616 1234 2668 tantum
1245 2632 1292 2668 or-

219 2707 344 2750 namenta
362 2704 511 2765 acceperat;
526 2710 608 2784 quem
625 2694 703 2761 longe
721 2704 812 2756 antea,
827 2703 857 2746 ut
871 2705 1024 2765 suspectum
1041 2693 1129 2765 Sejaui
1146 2695 1292 2757 amicitiae,

220 2776 320 2829 carceri
334 2774 516 2851 mancipatunt
530 2782 557 2824 et
571 2772 598 2824 in
616 2769 704 2827 fratria
718 2771 868 2825 custodiam
885 2772 967 2825 luisse
986 2773 1129 2840 traditum,
1148 2792 1180 2827 ex
1193 2762 1293 2827 Tacito

221 2855 359 2907 discimus.
371 2842 433 2905 Post
448 2850 575 2919 Caligulae
591 2859 719 2913 mortem,
734 2849 878 2903 aclaudio
897 2852 1078 2923 principatum
1093 2814 1211 2907 adeunte
1225 2855 1295 2907 Ger·

222 2934 317 2987 ananiae
327 2932 486 3003 praepositus
495 2939 535 2982 est
545 2946 607 2981 cum
618 2928 797 2997 legatititul03
807 2940 833 2982 et
841 2930 981 3000 aliquanto
989 2943 1064 3003 post,
1075 2938 1185 2986 auctore
1194 2932 1294 2986 eodem

221 3012 333 3074 Tacito,
352 3009 387 3062 de
400 3009 484 3063 Cattis
495 3006 682 3079 triumpharit.
702 3006 788 3078 Cujus
804 3010 898 3062 uexilla
911 3028 997 3081 quum
1012 3022 1173 3082 sequeretur
1183 3013 1296 3074 Noster,

224 3111 252 3146 se
265 3090 299 3144 ad
317 3090 441 3144 Chaucos
455 3103 541 3158 usque
554 3095 707 3158 penetrasse
722 3088 825 3151 innuit,
840 3089 911 3141 libro
925 3092 1005 3153 xvi,
1017 3092 1104 3163 eapite
1118 3100 1155 3156 a}
1174 3091 1296 3145 Danubii

225 3188 288 3224 vero
300 3168 402 3223 sontem
416 3166 556 3221 accessisse
566 3164 695 3233 affirmat,
707 3165 756 3220 lib.
773 3168 883 3232 XXXI,
895 3187 954 3240 cap.
970 3187 1014 3243 19.
1028 3172 1080 3224 Eu.

266 3266 294 3303 2.
315 3250 379 3301 Post
391 3250 422 3301 L.
440 3246 584 3317 Pomponii
597 3246 779 3317 triumphum,
795 3264 901 3301 reverso
913 3252 1025 3302 Romam
1037 3250 1142 3314 Plinio,
1155 3249 1297 3319 vulgatum

228 3330 310 3384 luisse
325 3345 388 3380 reor
403 3326 431 3379 id
444 3326 580 3379 volumen.
602 3325 728 3378 Meminit
740 3337 835 3380 auctor
849 3328 920 3398 ipse,
937 3328 983 3382 lib.
995 3332 1080 3393 VIII,
1096 3347 1120 3384 e.
1133 3337 1179 3396 Ia.
1197 3332 1301 3383 Narrat

183 3449 184 3453 ,
226 3408 462 3477 {teutonicusque
473 3404 563 3458 laetitia
575 3404 755 3469 exsultaverit,
765 3423 852 3477 quum
868 3409 894 3459 in
908 3407 1024 3478 quadarn
1032 3408 1300 3462 RomaeBibliotheca

225 3487 363 3542 Plinianos
373 3486 480 3538 iudices
489 3497 697 3554 recognoscens,
708 3486 787 3538 initio
796 3486 927 3539 chartacei
940 3489 1095 3551 voluminis,
1107 3499 1169 3561 post
1177 3489 1302 3557 geminas

227 3568 307 3621 Plinii
317 3565 417 3622 Caecilii
431 3563 557 3636 epistolas
568 3581 629 3635 quae.
639 3564 765 3617 avttnculi
775 3567 881 3638 seriptis
889 3568 1014 3638 praemitti
1030 3567 1132 3633 solent,
1148 3567 1230 3621 verba
1240 3567 1301 3621 bae

227 3645 356 3701 otnnibus
364 3642 459 3697 litteris
468 3654 575 3697 exarata
582 3645 738 3714 reperisset:
749 3645 855 3717 Incipit
866 3646 939 3699 liber
945 3646 983 3700 de
985 3646 1167 3716 joculatione
1176 3646 1304 3720 equestri

226 3725 318 3780 Plt'nr'i
329 3722 450 3779 Secundi
454 3742 466 3790 ,·
481 3723 530 3777 sed
545 3721 650 3793 reliqua
664 3721 896 3779 desiderabantur.
917 3728 968 3780 En.

269 3804 385 3859 3.«110c
394 3803 528 3855 memoriae
536 3803 626 3869 amici,
635 3804 712 3875 quasi
726 3802 848 3857 debitum
862 3823 972 3875 munus,
983 3805 1120 3860 exsolvit·
1133 3806 1302 3860 Ptincsctt.

224 3886 302 3958 epist.
314 3883 349 3935 ad
364 3884 495 3936 Macrum.
508 3885 560 3936 En.

263 3971 291 4030 q.
306 3961 350 4018 Ad
361 3962 410 4014 hos
421 3963 556 4034 praecipue
566 3962 649 4015 libros
664 3964 781 4033 respexit
793 3963 979 4028 Quintilianus
993 3963 1113 4038 ejusdem
1124 3965 1209 4020 ferme
1223 3980 1305 4035 argu·
