2670 4808
316 397 356 464 C.
386 392 556 463 PLlNll·
576 398 692 464 VITA
718 397 778 463 ΕΤ
804 396 1019 464 SCRIPTA.
1075 422 1191 468 xxxvii

126 528 317 621 inscriptos,
331 540 364 594 et
379 527 413 593 in
432 551 487 594 sex
504 523 674 594 volumina
694 540 832 621 propter
847 524 1094 620 amplitudinem
1109 530 1192 599 diri-

126 658 197 717 sos,
217 632 337 718 edidit,
360 646 578 701 utorutorem
594 633 635 700 ab
649 631 856 701 incunabulis
874 633 1057 702 institueret
1072 659 1111 703 ac
1127 661 1195 729 per·

125 740 264 825 liceret,
290 737 520 831 eruditumque
548 737 742 806 informaret
764 737 944 806 illustribus
973 739 1131 835 exernplis
1153 743 1197 810 ad

125 844 337 915 declinandas
353 845 653 913 controversiarum
666 843 813 928 fraudes,
828 844 862 910 in
879 843 988 913 sorum
1001 858 1119 914 cuncta
1139 873 1196 916 au·

126 950 228 1020 dendi
238 942 372 1019 libidine
381 963 414 1017 et
425 950 565 1043 praemiis
574 951 636 1018 sub
650 950 815 1045 prioribus
825 951 1028 1043 principibus
1041 953 1196 1023 invectas.

125 1054 233 1126 Simul
251 1059 458 1125 Germanica
474 1055 566 1124 bello
576 1054 599 1142 ¹,
616 1081 688 1150 quse
698 1056 896 1151 jampridem
916 1081 1116 1150 componere
1129 1076 1200 1129 erat

127 1163 437 1257 aggressus,viginti
449 1160 672 1231 voluminibus
683 1161 950 1256 comprehendit:
960 1163 1199 1234 nobilissimum

128 1266 263 1361 quidem
282 1269 425 1336 historiae
439 1282 692 1361 argumentum,
706 1292 772 1361 quo
787 1293 855 1336 non
868 1267 968 1336 modo
981 1269 1198 1339 immortalem

129 1375 234 1442 Drusi
248 1397 288 1442 ac
305 1374 498 1441 Germanici
512 1375 704 1442 memoriam
725 1374 918 1460 revocabat,
932 1374 988 1441 sed
1003 1401 1078 1444 curn
1098 1375 1204 1445 elaris-

127 1480 289 1547 simorum
309 1478 431 1547 ducum
449 1477 552 1572 gloria
579 1480 741 1574 stipendia
759 1505 818 1548 sua
840 1481 1059 1574 victoriasque
1076 1508 1202 1551 conne-

130 1599 266 1653 nectere
282 1584 371 1653 haud
389 1598 461 1652 erat
478 1587 654 1679 ingratum.

185 1695 230 1758 Ar
242 1715 303 1759 uec
313 1689 476 1776 solitariae,
487 1692 548 1758 nec
564 1694 683 1759 inertes
693 1691 1203 1784 erantaputhomanoslitterae:

131 1820 195 1866 sua
211 1795 308 1864 laude
332 1795 471 1889 inclytos
490 1797 532 1864 ad
551 1795 684 1890 publica
706 1820 843 1864 munera
859 1799 1108 1890 promovebant.
1126 1803 1205 1869 Haec

133 1901 257 1972 Plinius
269 1928 328 1996 per
342 1904 535 1995 Hispaniam
551 1902 678 1986 obivit;
700 1917 751 1988 et,
765 1927 839 1995 quae
856 1906 1015 1995 equestris
1036 1905 1097 1972 fuit
1114 1907 1204 1975 nobi-

127 2000 226 2095 litas,
237 2033 288 2079 res
303 2009 440 2076 Caesaris
455 2008 499 2076 ibi
516 2006 734 2102 procuravit².
751 2008 903 2078 Publicas
918 2011 1003 2078 inter
1017 2013 1206 2107 occupatio·

130 2209 219 2262 menti
242 2208 378 2262 materiem
404 2219 535 2274 tractans,
555 2210 674 2265 institut.
698 2211 754 2273 ill,
773 2226 832 2281 cap.
855 2209 960 2280 primo,
976 2220 1004 2262 et
1021 2212 1077 2273 XI,
1103 2212 1207 2279 ultima,

134 2292 203 2343 item
218 2289 305 2342 Aulus
317 2290 431 2355 Gellius,
445 2290 493 2343 lib.
506 2292 561 2353 lX,
572 2308 630 2362 cap.
644 2305 675 2358 17
691 2307 828 2361 :quorum
842 2290 995 2342 testimonia
1010 2290 1079 2344 vide.
1095 2294 1146 2346 En.

181 2385 204 2422 t.
226 2367 276 2421 Hla
288 2369 405 2421 scribere
420 2369 532 2440 coepisse
547 2366 677 2433 arbitror,
699 2386 784 2438 quum
800 2369 885 2439 prima
900 2370 1061 2422 Germanica
1075 2371 1209 2442 stipendia

133 2458 299 2511 mereretur,
313 2448 428 2500 necdum
444 2448 491 2500 alae
505 2448 645 2518 praeieetus
656 2447 708 2500 sub
720 2448 871 2518 Pomponio
885 2447 1020 2501 militaret.
1030 2489 1036 2500 .
1090 2449 1210 2520 ldeoqup

136 2529 213 2600 prius
232 2527 267 2579 de
287 2525 329 2579 bis
346 2526 478 2580 bellorum
495 2527 613 2579 historiis
630 2544 712 2596 quam
727 2526 761 2578 de
771 2525 937 2595 jaculatione
955 2527 1073 2596 equestri
1088 2539 1114 2580 et
1132 2532 1211 2592 Pont-

136 2608 213 2678 ponii
228 2608 281 2658 vita
295 2608 439 2673 mgitasse;
451 2616 543 2678 postea
554 2623 616 2656 vero
631 2605 746 2673 digesta,
759 2617 840 2674 atque
854 2604 880 2655 iu
895 2604 982 2656 lucem
999 2603 1071 2658 edita
1083 2609 1211 2676 verisimi-

137 2686 190 2739 lius
203 2685 375 2738 crediderim.
391 2682 655 2753 armos-Hujus
669 2684 759 2753 operis
771 2682 915 2735 consilium
929 2702 944 2735 a
959 2685 1057 2748 Druso,
1070 2686 1096 2747 iu
1110 2690 1212 2740 somnis

134 2767 205 2830 sisu,
222 2765 305 2817 i’uisse
320 2764 455 2818 aruuculo
470 2781 520 2816 suo
542 2773 696 2832 suggestum
712 2771 802 2814 narrat
815 2762 951 2824 Caecilius,
967 2761 1019 2816 loe,
1040 2764 1084 2817 eit.
1100 2767 1212 2819 Exstarc

137 2830 352 2915 manuscriptum
367 2844 394 2896 in
410 2843 556 2896 Germania
570 2838 760 2905 crediderunt,
778 2844 904 2910 Augustae
917 2840 1123 2907 vindelicorum
1140 2848 1212 2901 Con·

137 2924 221 2977 radus
236 2924 389 2986 Gesnerus,
402 2923 447 2975 alii
459 2921 611 2975 Termoniae
625 2921 652 2973 in
670 2920 855 2990 Wcstplralia,
868 2920 916 2973 sed
928 2922 987 2973 sine
1005 2925 1166 2980 auctoritate
1181 2944 1213 2983 uu

137 3005 197 3056 siue
206 3021 264 3074 spe.
277 3002 430 3074 Symmachi
444 3012 516 3054 certe
529 3000 640 3072 saectrlo,
660 3010 722 3071 post
739 3000 877 3054 Christum
890 3010 1006 3071 quarto,
1019 3002 1154 3076 segrejum
1170 3006 1212 3063 in.

138 3082 314 3146 veniebatur,
329 3091 360 3135 ut
373 3100 406 3134 ex
425 3083 509 3152 ipsius
523 3080 677 3134 testimonio
691 3096 754 3131 mox
772 3078 913 3132 allerendo
927 3090 1039 3133 constat.
1053 3078 1216 3138 Habuerunt

139 3161 209 3215 illud
225 3162 263 3215 ob
279 3160 392 3233 oeulos,
403 3179 453 3213 nce
468 3178 575 3231 semper
590 3177 652 3212 eum
677 3157 757 3211 laude
772 3159 856 3211 citant
870 3158 981 3211 Tacitus
995 3163 1215 3235 Suetoniusque,

139 3259 260 3313 quorum
275 3239 335 3293 vide
351 3240 512 3294 testimonia.
535 3241 586 3292 Eu.

181 3338 209 3375 2.
220 3322 357 3372 Neronem
369 3318 458 3372 Plinio
471 3319 655 3390 procuratoris
665 3318 707 3370 sui
724 3317 845 3374 officium
860 3317 1048 3384 demandasse,
1061 3332 1088 3373 et
1102 3323 1215 3393 quidem

141 3403 169 3453 iu
188 3401 331 3471 Hispania,
345 3399 416 3452 circa
431 3396 512 3468 hujus
525 3398 657 3470 principis
671 3397 776 3450 obitum
795 3416 835 3449 res
853 3399 964 3461 Caesaris
980 3417 1153 3469 procurasse,
1167 3422 1217 3456 no·

142 3479 246 3550 bilique
261 3479 288 3530 in
310 3496 422 3548 munere
438 3476 575 3549 usquead
591 3476 742 3545 secundum
756 3477 913 3548 Vespasiani
935 3478 1092 3549 imperantis
1112 3498 1216 3537 annunt

141 3575 326 3631 perseverasse
340 3558 491 3610 statuimus.
511 3559 575 3623 Quo
590 3554 681 3609 officio
697 3557 807 3617 Caesaris
821 3568 1010 3626 procuratores
1030 3558 1058 3610 in
1073 3561 1218 3630 provinciis

142 3638 336 3708 iursgeoenmr,
352 3636 476 3707 pluribus
493 3634 696 3708 persequuntur
714 3635 823 3688 eruditi.
844 3638 982 3689 Catanaeus
996 3636 1104 3690 illorum
1117 3658 1218 3695 munus

142 3716 239 3770 definit
247 3757 261 3789 ,
271 3728 302 3770 ut
320 3716 437 3769 rationes
455 3715 578 3769 omnium
597 3713 751 3781 redituum,
772 3715 820 3784 qui
834 3713 869 3766 ad
888 3716 1037 3787 principem
1051 3728 1219 3788 spectarent,

142 3797 287 3865 diligenter
307 3806 501 3867 procurarent,
522 3813 585 3847 cum
607 3793 734 3847 facultate
754 3792 911 3857 deferendi,
930 3804 958 3847 et
972 3796 1147 3865 acquirendi,
1164 3817 1219 3852 non

142 3876 279 3930 alienandi
294 3887 341 3927 aut
355 3875 531 3929 distrahendi.
547 3877 602 3927 Hos
619 3874 737 3944 primum
753 3873 787 3927 ab
808 3878 929 3944 Augusto
946 3875 973 3925 iu
992 3876 1143 3944 provincias
1156 3879 1221 3930 mis·

143 3974 202 4018 sus,
224 3967 256 4009 ut
278 3954 403 4027 publicos
417 3955 520 4008 reditus
533 3954 703 4024 colligerent,
717 3963 830 4006 testatur
844 3953 908 4016 llio,
922 3952 968 4005 lib.
985 3955 1033 4006 ΠΙ.
1047 3956 1149 4006 Verum
1165 3974 1219 4010 nou

143 4035 235 4090 civiles
249 4045 371 4099 tautum,
391 4033 439 4088 sed
460 4035 586 4089 militares
601 4050 713 4105 quoque
727 4048 806 4086 curas
819 4031 1042 4103 procuratoribus
1058 4034 1168 4087 Caesaris
1182 4035 1223 4088 in·
