2664 4800
462 359 723 429 PRAEFATIO.
1047 384 1127 431 ms

53 518 128 588 qam
143 493 206 563 sub
216 493 352 563 Nemne
367 492 538 586 Principe,
550 491 675 586 quadis
690 491 780 558 hanc
795 504 991 559 exercuerat
1004 507 1125 580 artem,

54 599 157 669 videri
175 613 306 693 poterat
323 600 358 666 in
379 599 451 693 ipsa
470 599 566 667 Urbe
585 598 815 667 auctoritatem
838 595 1027 690 accepisse?

104 707 183 775 Fuit
197 705 326 774 auctari
342 729 532 799 praeuomeu
541 707 676 788 Carus,
691 728 814 771 nomen
829 704 995 788 Pumrns,
1009 727 1130 799 cogno·

54 836 130 881 meu
147 814 339 881 Sscnunns
352 835 360 879 :
371 812 504 880 Plinius
513 863 524 896 ,
541 835 581 879 ex
597 799 713 904 patre;
729 808 917 895 Secundus,
933 834 974 877 ex
989 811 1127 884 matre¹:

54 917 272 1012 quamobrem
286 918 490 1010 Pomponius
499 915 672 986 Secundus
681 930 772 984 vates
783 913 891 983 allmis
905 915 1022 1000 siluit,
1031 932 1132 990 natus
1247 901 1249 905 Ι

54 1022 205 1093 similiter
223 1048 266 1091 ex
287 1024 471 1115 Pomponio
500 1036 614 1117 patre,
635 1037 667 1092 et
695 1036 801 1091 matre
821 1021 976 1092 Secunda
987 1019 1012 1108 ²,
1032 1022 1134 1095 Plinii

55 1129 202 1199 Secundi
217 1143 404 1198 matertera.
415 1131 459 1198 Et
472 1152 511 1199 ea
527 1153 627 1198 causa
645 1128 724 1211 luit,
739 1152 799 1196 cur
814 1127 938 1197 Plinius
953 1130 1130 1223 Pomponii

57 1236 202 1305 Secundi
217 1235 317 1305 vitam
332 1233 497 1322 retulerit,
516 1249 554 1304 ut
563 1236 632 1330 ipse
644 1233 808 1330 prodidit,
827 1232 883 1303 lib.
902 1249 1130 1321 xrv,seetv1.

57 1344 166 1411 Patria
189 1340 302 1411 Pliniae
324 1342 413 1436 genti
429 1330 596 1435 proinde,
622 1355 661 1411 ut
687 1341 898 1434 Pomponiae,
920 1342 1030 1409 Roma
1056 1341 1131 1415 fuir.

56 1450 239 1517 Enimvero
261 1473 295 1517 se
317 1451 387 1542 ipse
412 1449 602 1516 Romanum
623 1448 746 1540 ubique
766 1445 835 1516 fere
853 1446 1046 1541 profitetur,
1068 1452 1131 1518 Ur·

58 1554 199 1648 bernqrce
218 1570 373 1625 nostram
391 1556 551 1640 Romam,
573 1557 681 1648 Leges
705 1568 859 1637 nostras,
884 1578 957 1647 quse
979 1568 1057 1623 suut
1074 1578 1130 1626 ιιι

58 1660 271 1745 tabularum,
295 1662 456 1730 Amtales
481 1676 634 1746 nostros,
663 1685 747 1754 quos
776 1661 918 1728 Romani
945 1662 1131 1754 scripsere,

60 1767 252 1836 condslores
268 1782 405 1836 nostros
423 1766 604 1836 Romulum
627 1766 854 1860 Remumque,
871 1789 955 1833 avos
973 1766 1133 1859 majom·

59 1898 126 1968 que
148 1889 289 1943 matres
301 1925 312 1958 ,
344 1888 379 1941 et
410 1879 635 1969 nragntratns
657 1889 793 1942 nostros
817 1873 938 1967 passim
962 1875 1132 1943 Romanos

59 1977 250 2075 appellitat,
265 1995 302 2048 et
312 1994 464 2048 nostram
480 2004 592 2066 mare,
612 1979 700 2073 quod
718 1981 934 2074 Campaniam
949 1977 1050 2050 alluit.
1062 1982 1133 2050 Nec

61 2101 183 2155 temere
203 2109 284 2155 sane
305 2086 339 2154 in
357 2089 541 2180 Campania
566 2084 678 2155 villam
702 2087 732 2155 ei
750 2087 849 2154 luisse
864 2111 904 2154 ex
921 2110 962 2153 eo
979 2084 1134 2180 colligas,

60 2191 149 2286 quod
168 2191 258 2261 libro
273 2214 337 2276 st,
360 2207 438 2261 sect.
460 2218 541 2281 xxx,
560 2192 736 2261 duracena
758 2215 881 2260 cerasa
906 2195 1136 2288 Campaniam

61 2297 139 2367 dicit
154 2300 324 2367 Pliniana
345 2299 532 2394 appellare.
555 2300 726 2394 Denique,
743 2298 827 2367 libro
846 2322 941 2386 xxtt,
955 2313 1033 2369 sect.
1056 2324 1135 2369 aux:

61 2406 137 2474 llos
155 2408 244 2489 nra,
266 2405 389 2498 inquit,
402 2407 561 2474 Romana
574 2411 759 2499 gravitate,
775 2429 846 2474 non
862 2421 900 2473 nt
914 2405 1055 2489 aedat,
1074 2404 1139 2474 sed

102 2630 129 2667 ι.
143 2610 291 2665 Levissime
310 2610 423 2665 dietum.
442 2613 526 2665 Mater
541 2614 613 2666 euim
629 2611 710 2665 Plinii
732 2631 790 2683 quaa
808 2614 899 2675 luerit,
918 2613 1065 2682 ignoratum
1086 2631 1146 2666 nec·

62 2704 196 2756 menam,
207 2689 254 2744 sed
264 2705 369 2763 patrum
381 2693 542 2762 cognomine
552 2692 633 2763 vulgo
644 2690 873 2745 transferebantur
885 2690 919 2743 sd
932 2691 1010 2744 lilios.
1020 2690 1136 2745 Secundi

62 2791 125 2825 rm
136 2788 288 2843 cognomen
301 2771 329 2824 in
346 2769 503 2843 quibusdam
520 2770 625 2825 familiis
640 2785 704 2824 natu
718 2771 818 2823 minori
834 2770 890 2823 filio
901 2772 1004 2841 imponi
1016 2772 1135 2826 solebntt

64 2849 135 2904 unde
144 2848 221 2923 apud
233 2850 357 2922 antiquos
370 2852 431 2904 satis
445 2850 570 2922 frequens
584 2852 709 2904 occurrit.
731 2848 784 2903 Sed
801 2862 874 2922 patet
888 2849 922 2904 ad
935 2848 1135 2923 distinguendas

64 2945 153 3002 gustes
164 2929 328 2997 tanitinve,
344 2930 411 2983 nibil
428 2930 494 2984 certi
508 2949 541 2985 ex
560 2931 612 2984 boc
626 2929 726 2983 iudicio
739 2931 812 3002 argui
830 2949 916 3002 posse.
930 2931 1062 2984 Ceterum
1076 2950 1137 3004 qun

65 3008 97 3062 de
111 3010 202 3065 Plinio
217 3010 326 3081 ejusque
341 3009 391 3061 vita
405 3009 450 3062 bic
465 3023 592 3080 aguntur,
611 3010 710 3062 nullius
723 3010 802 3081 pretii
822 3023 886 3063 sunt
903 3024 929 3065 et
945 3029 1052 3081 prorsus
1066 3009 1136 3064 ttu-

64 3087 148 3142 duino
168 3086 289 3158 indigna,
310 3089 401 3159 longe
421 3089 535 3142 rectiora
556 3101 629 3160 pete,
646 3090 667 3141 si
684 3091 761 3146 libet,
785 3108 819 3141 cx
840 3088 955 3143 Broterii
969 3090 1136 3159 prelatione,

65 3186 145 3240 quatu
158 3167 259 3221 nostris
268 3166 483 3221 adnotationibus
497 3181 600 3221 auctam
613 3170 693 3240 paulo
708 3169 778 3221 infra
794 3169 986 3222 exhibebimus.
1001 3167 1052 3221 En.
1127 3202 1133 3210 -

116 3264 145 3301 a.
162 3247 199 3301 1..
214 3247 378 3319 Pomponius
396 3245 545 3314 Secundus,
561 3247 596 3313 Q.
616 3246 710 3312 frater,
728 3250 803 3319 cujus
826 3248 907 3301 vitam
927 3248 1029 3300 Plinius
1047 3260 1137 3303 noster

66 3327 221 3399 scriperem,
241 3326 299 3399 ipso
318 3338 382 3380 teste
391 3327 411 3378 l.
430 3327 532 3393 xxw,
550 3333 583 3391 l,
599 3341 624 3380 et
640 3329 726 3381 Plinio
740 3328 860 3398 juniore,
875 3328 927 3398 Ep.
944 3326 958 3380 5
975 3327 1043 3380 tertii
1057 3326 1137 3394 libri,

65 3406 107 3460 vir
122 3406 251 3478 insignis,
263 3419 289 3460 et
303 3403 373 3458 idem
388 3419 480 3478 poeta,
493 3407 600 3463 consul.
615 3407 834 3480 triumphalisque
848 3406 911 3472 luit,
920 3407 1052 3477 prestanti
1064 3404 1137 3477 apud

66 3487 204 3539 liemon
215 3497 294 3557 gente
304 3497 388 3548 ortus,
403 3485 495 3538 Pliniis
507 3505 570 3538 vero
583 3487 732 3540 nullatenus
742 3486 842 3550 affinis,
856 3484 930 3556 quod
949 3485 1005 3556 ipsa
1018 3486 1034 3537 l
1037 3485 1139 3540 unionis

68 3566 148 3619 verba
159 3565 222 3618 satis
233 3564 454 3628 inuuunt;libros
467 3565 537 3617 enim
548 3565 582 3617 ab
596 3568 728 3619 avunculo
741 3566 852 3637 scriptos
862 3566 897 3617 sit
908 3567 939 3617 de
951 3569 1004 3616 citu
1010 3565 1139 3635 Pomponii

68 3642 176 3697 Secundi
189 3643 255 3707 due,
272 3665 288 3695 a
303 3663 350 3716 quo
362 3644 518 3713 singulariter
531 3658 641 3708 amatus,
655 3645 699 3697 lroc
717 3649 833 3697 memoria
854 3649 926 3696 amici
945 3648 1015 3716 qtrast'
1032 3644 1138 3696 debitrmt

69 3724 277 3786 mmmelrin
287 3721 505 3776 videnffinitatis
514 3724 614 3777 nullam
626 3724 683 3776 lieri
695 3726 865 3777 mentionem.
874 3723 1015 3796 Pomponii
1026 3737 1140 3776 matrem

70 3800 544 3867 mmmwmvtrtluduinus,
557 3822 637 3874 quam
656 3804 763 3875 quidem
777 3804 868 3857 Nostri
878 3816 1044 3857 materteram
1060 3803 1140 3856 fuisse

71 3883 163 3954 tingit,
171 3882 236 3935 alias
246 3881 324 3934 nobis
330 3882 501 3952 incognitam.
510 3883 586 3934 DeL.
601 3883 751 3954 Pomponio
764 3884 861 3956 passim
873 3883 976 3937 mentio
988 3880 1061 3954 apud
1073 3881 1141 3936 Nos-

71 3976 153 4016 trum.
167 3962 209 4014 De
222 3962 278 4032 ejus
291 3962 430 4014 consulatu
446 3962 579 4034 rebusque
589 3963 667 4034 gestis
676 3962 737 4016 vide
746 3964 875 4029 Dionem,
885 3964 1010 4016 Tacitum
1025 3961 1144 4033 aliosque

73 4040 227 4095 llistnrioos.
237 4040 277 4094 ne
286 4039 392 4113 scriptis
403 4041 438 4094 sb
452 4040 511 4113 ipso
523 4039 669 4112 negotiis,
680 4042 793 4110 Quintil.
806 4043 855 4098 lib.
869 4043 905 4097 X.
921 4044 961 4096 De
975 4039 1079 4106 Quinto
1092 4040 1143 4095 lm·

73 4120 200 4186 πεπυ.
217 4120 287 4177 bun
301 4118 455 4190 v1,1s‚n
467 4120 541 4176 alibi.
553 4120 605 4177 Eo.
