2664 4800
211 384 284 432 xxu
607 364 883 434 HARDUINI

211 496 275 577 tio,
293 516 534 589 germanusque
547 493 732 565 intellectus
745 520 814 566 non
832 508 961 590 pateret
975 493 1091 577 modo,
1109 495 1166 564 sed
1186 498 1281 565 etita

211 601 490 685 communiretur,
511 615 549 669 ut
574 601 716 671 convelli
743 600 901 697 deinceps
923 626 991 670 non
1013 614 1126 696 posset
1152 600 1220 670 ulla
1247 607 1282 672 vi

213 706 369 774 critica‘ve
393 730 541 775 censura.
557 709 602 775 Et
628 707 823 777 illustrando
846 706 979 802 quidem
1000 705 1151 777 Pliniano
1173 711 1283 802 operi,

215 812 565 898 caetem3emendando
577 836 673 900 vero,
686 837 803 882 eornm
819 814 969 909 inprimis
982 814 1104 908 scripta
1116 813 1286 908 proluere,

212 916 266 986 vel
279 942 340 1012 per
349 943 433 1011 quos
445 920 623 1013 proiecisse
638 944 672 988 se
688 918 812 988 Plinius
826 920 966 1004 fatetur,
978 921 1035 1014 qui
1048 933 1126 988 sunt
1139 943 1284 991 numero

211 1023 456 1119 propemodum
478 1024 615 1112 infiniti,
638 1023 727 1094 mole
751 1024 909 1095 libmrum
931 1048 970 1094 ac
990 1023 1188 1094 difficultate
1210 1028 1286 1096 insi·

213 1152 294 1223 gnes
309 1158 319 1215 3
336 1128 389 1198 vel
403 1132 458 1225 qui
475 1129 617 1200 Plinium
633 1135 869 1226 transcripsere
884 1132 944 1226 ipsi
958 1129 1035 1200 olim
1048 1157 1058 1217 ς
1074 1129 1126 1199 vel
1141 1128 1285 1226 denique

211 1237 269 1329 qui
280 1260 321 1305 ex
331 1235 445 1306 iisdem
461 1236 608 1306 fontibus
621 1238 819 1324 hauserunt,
831 1237 920 1306 unde
935 1262 1013 1306 suos
1028 1235 1154 1308 Plinius
1166 1237 1286 1309 hortos

212 1342 342 1436 rigavit.
400 1368 403 1372 ’

264 1450 327 1517 llic
348 1449 483 1519 demum
503 1449 628 1544 Lydius
644 1449 727 1545 lapis
747 1463 813 1537 est,
828 1448 900 1518 haec
920 1448 1058 1520 obrussa
1074 1473 1082 1515 :
1098 1447 1141 1518 sd
1157 1448 1285 1519 borum

211 1554 334 1649 scripta
355 1554 511 1624 Plinianae
529 1557 700 1650 scripturae
720 1557 841 1624 veritas
863 1554 1057 1625 metienda:
1081 1554 1161 1649 quid
1182 1556 1217 1623 in
1243 1563 1286 1626 eo

211 1660 408 1731 mendosum
422 1663 556 1746 tinniat,
571 1662 650 1756 quid
663 1661 963 1756 subaeratum,quid
976 1659 1160 1730 adulterina
1175 1661 1286 1755 forma

212 1790 416 1860 percussum.
431 1770 516 1836 Nam
531 1770 558 1836 si
575 1770 609 1836 in
624 1770 760 1838 vetustis
773 1766 1017 1863 exemplaribus
1031 1767 1157 1837 haereas
1168 1768 1286 1853 modo,

211 1896 315 1966 quum
334 1874 405 1968 ipsa
423 1875 508 1942 inter
526 1898 562 1942 se
586 1899 673 1968 saepe
693 1874 888 1962 dissideant,
903 1898 1008 1969 quum
1028 1874 1095 1943 sint
1114 1874 1286 1968 inquinata

213 2000 307 2072 reque
324 1978 531 2048 eruditorum
551 1980 750 2072 conjecturis
771 1995 873 2075 ¹atque
894 1979 1105 2049 librariorum
1136 1980 1286 2067 inscitia,

213 2106 316 2179 quum
327 2084 639 2156 verbisalioversum
649 2088 793 2180 acceptis
802 2108 864 2181 pro
874 2088 1018 2181 genuino
1028 2086 1175 2155 auctoris
1185 2110 1286 2156 sensu

215 2187 331 2259 falsam
345 2214 385 2260 ac
399 2190 614 2287 depravatam
629 2194 817 2287 interpretis
829 2194 1025 2263 sententiam
1037 2193 1185 2287 recipere
1196 2216 1286 2287 saepe

214 2318 392 2391 cogamur:
409 2300 483 2392 quis
497 2298 630 2368 demum
650 2298 754 2367 litium
771 2297 846 2368 finis
864 2303 914 2368 est
928 2298 1072 2388 futures,
1090 2298 1150 2368 nisi
1166 2298 1287 2393 proba·

213 2402 345 2473 tissimis
362 2403 530 2474 codicibus
551 2404 823 2500 adstipulatorem
837 2406 1025 2500 quempiam
1046 2405 1286 2498 egravissimis

212 2510 405 2581 auctoribus
430 2511 605 2595 adhibeas,
629 2509 860 2605 calculumquc
887 2511 958 2606 ejus
983 2509 1163 2606 adjungas,
1188 2510 1287 2604 cujus

213 2638 278 2709 ope
296 2638 356 2685 sua
373 2617 508 2687 demum
527 2619 669 2687 orationi
691 2616 848 2687 Pliniana
868 2619 1029 2687 sententia
1047 2617 1287 2711 integritasque

216 2723 367 2794 constet?

265 2833 398 2899 Horum
415 2854 476 2899 nos
494 2831 680 2899 testimonia
697 2831 725 2898 si
741 2828 941 2924 proferimus
962 2852 1049 2924 saepe
1064 2830 1100 2895 in
1120 2827 1287 2919 medium,

214 2939 242 3006 si
262 2959 465 3007 consensum
487 2938 704 3030 proponimus
725 2935 926 3028 antiquitatis
944 2935 1045 3003 totius
1066 2958 1142 3002 cum
1157 2933 1286 3022 Plinio,

212 3045 239 3112 si
263 3041 502 3137 rempublicam
525 3042 733 3139 ingeniorum
755 3040 872 3109 vadem
902 3065 965 3135 pro
992 3064 1032 3110 eo
1058 3040 1223 3128 sistimus3
1247 3056 1288 3110 ut

213 3150 322 3218 minus
331 3147 516 3242 jucundum
537 3147 571 3216 id
589 3146 755 3216 nonnullis
772 3170 842 3215 esse
861 3145 1031 3234 videatur,
1043 3147 1116 3239 quis
1137 3144 1218 3215 utile
1233 3147 1286 3215 in·

211 3253 366 3326 linietur?
382 3269 440 3323 aut
454 3255 528 3348 quis
542 3254 616 3348 jure
630 3260 836 3341 succenseat,
851 3276 952 3347 quum
967 3252 1048 3344 justi
1056 3254 1287 3323 commentarii

211 3365 286 3432 vice
305 3386 344 3431 ea
363 3362 434 3457 ipsa
452 3359 524 3429 loca
542 3361 621 3448 sint,
640 3361 759 3455 quibus
779 3359 873 3429 Plinii
888 3359 1049 3427 sententia
1069 3357 1286 3446 emendatur,

212 3466 416 3555 defenditur,
440 3465 655 3562 intelligitur?
672 3466 879 3535 Emendatur
902 3458 1085 3560 porrosic‚
1106 3478 1144 3531 ut
1174 3463 1286 3534 nullus

211 3575 331 3645 deinde
349 3574 493 3670 supersit
507 3572 602 3642 alteri
617 3575 814 3668 conjecture
834 3571 944 3655 locus,
969 3573 1013 3639 ita
1032 3569 1231 3657 defenditur,
1249 3586 1288 3640 ut

212 3697 263 3751 tot
281 3680 446 3777 suffragiis
462 3686 636 3749 auctorum
655 3680 877 3748 communitus
896 3676 975 3746 nihil
990 3678 1059 3769 jam
1079 3678 1287 3761 extimescat,

212 3789 269 3858 sed
286 3791 328 3857 sit
345 3802 437 3856 extra
452 3785 688 3855 maledicentia
708 3783 773 3855 tela
790 3786 938 3878 positus3
954 3786 1002 3853 sic
1020 3783 1153 3851 demum
1171 3781 1289 3852 intelli·

211 3896 340 3989 ligitur,
364 3908 462 3962 utne
487 3907 607 3961 nostrae
631 3892 765 3987 quidem
788 3891 1066 3986 interpretationis
1089 3888 1195 3957 lucem
1215 3888 1286 3959 fere

212 4000 383 4072 desideret.
410 3999 474 4069 Sed
498 4013 630 4092 quantae
650 4013 769 4093 praeter
784 3996 856 4067 haec
878 3995 1056 4092 voluptatis
1076 3996 1148 4065 fore
1167 4008 1286 4090 putan-
