2664 4800
462 387 746 454 PRAEFATIO.
1088 412 1142 457 vir

59 521 154 612 rique
183 516 361 612 prudentia
392 517 532 612 inclyto,
556 544 620 612 qua
646 533 767 614 praeter
794 519 978 588 claritatem
1008 522 1137 615 generis

62 627 149 692 viam
174 624 237 693 sibi
259 623 302 692 ad
320 625 459 717 gratiam
479 625 640 719 Principis
658 639 691 693 et
713 651 860 695 summos
877 625 1023 696 honores
1041 626 1141 715 fecit,

61 731 117 799 sed
141 729 296 799 litteratae
317 731 417 798 etiam
441 732 606 824 sapientia
624 730 759 801 alumno
780 757 819 801 ac
841 748 1006 826 patrono:
1026 736 1080 802 cui
1104 759 1140 803 se

61 837 116 904 ilte
142 838 191 905 sic
219 834 362 919 addixit,
383 849 422 903 ut
444 835 513 928 jam
538 836 646 905 studia
670 852 702 906 et
728 838 943 908 humanitatis
966 854 1053 908 artes
1078 865 1139 934 per

63 945 172 1037 ipsum
198 944 232 1010 in
253 939 361 1011 Gallia
385 943 544 1035 patriam,
567 946 780 1036 sanguinem,
804 945 1022 1039 spiritumque
1045 971 1140 1014 rece·

62 1052 174 1143 perint
192 1075 201 1116 :
221 1049 277 1142 <pi
298 1071 403 1141 quum
424 1062 508 1116 esset
531 1048 572 1117 ab
594 1042 881 1118 Christianissimo
904 1054 996 1145 Rege
1017 1054 1140 1123 Luuo·

64 1179 151 1224 vico
169 1157 309 1224 Macro
329 1154 534 1223 Serenissimi
546 1153 705 1248 Delphini
720 1157 918 1225 institutioni
935 1159 1140 1252 praepositus,

64 1275 100 1329 ut
117 1263 318 1331 eiVeterum
334 1276 553 1335 monumenta
565 1261 676 1329 omnia
691 1261 909 1356 pernoscendi
924 1263 1139 1357 cupiditatem
1208 1266 1214 1275 “

62 1366 210 1449 afflavit,
230 1368 277 1435 sic
306 1368 436 1460 privata
464 1365 551 1435 illius
578 1366 685 1436 studia
714 1382 751 1436 ut
780 1371 814 1436 in
845 1367 1013 1462 publicam
1041 1369 1139 1439 simul

62 1474 154 1541 orbis
175 1475 277 1541 totius
295 1471 520 1541 redundarent
541 1471 734 1555 utilitatem,
753 1488 871 1543 auctor
898 1473 969 1543 fuit.
994 1478 1142 1545 Accessit

63 1582 163 1648 etiam
184 1580 248 1646 viri
271 1577 480 1647 illustrissimi
498 1583 625 1650 Jacort
641 1584 796 1650 Bnnrum
823 1583 1138 1664 Rossuar11,Con-

63 1686 232 1754 domensis
250 1682 348 1772 olim,
361 1710 450 1754 nuuc
466 1710 544 1754 vero
559 1685 739 1755 Meldensis
752 1686 926 1780 Episcopi,
943 1689 1138 1756 auctoritas:

63 1817 164 1885 quem
174 1793 283 1859 virum
297 1816 401 1884 quum
413 1791 532 1860 divinis
550 1795 674 1887 pariter
693 1792 914 1884 humanisque
936 1791 1052 1862 litteris
1070 1819 1141 1888 per·

63 1897 206 1991 politum
232 1899 318 1965 inter
340 1896 547 1966 doctissimos
570 1897 775 1992 eloquentia,
799 1900 885 1965 inter
909 1897 1139 1993 eloquentissi-

63 2030 136 2072 mos
156 2004 308 2073 doctrina
325 2002 485 2071 excellere
503 2005 598 2072 toties
618 2008 830 2074 Luuovtcus
848 2005 1009 2075 Maeuiis
1026 2031 1086 2099 per
1106 2029 1141 2074 se

62 2109 254 2193 didicisset,
275 2111 403 2201 quoties
424 2135 442 2178 e
464 2111 565 2178 sacris
584 2108 719 2203 pulpitis
739 2125 952 2203 perorantem
978 2111 1142 2196 audierat,

63 2214 174 2284 Gallia
194 2217 324 2283 interim
345 2216 499 2284 universa
521 2241 589 2283 non
611 2216 827 2284 concionibus
847 2217 965 2301 modo,
985 2217 1042 2286 sed
1066 2220 1143 2287 scri·

63 2325 128 2416 ptis
152 2345 285 2415 quoque
308 2319 457 2414 plurimis
484 2321 525 2389 ad
549 2322 765 2390 coercendam
789 2322 941 2392 baeresim
964 2322 1141 2392 volumini·

64 2430 127 2496 bus
144 2426 384 2522 applaudente,
398 2452 474 2495 eum
489 2430 679 2497 Luuovrco
698 2428 766 2495 fitio
781 2431 1023 2522 Praeceptorem
1038 2429 1142 2499 adsci-

63 2538 121 2602 vit.
147 2534 221 2602 Nec
239 2535 347 2600 minus
370 2533 453 2603 fovit
473 2533 667 2603 industriam
691 2548 838 2602 nostram
858 2533 1064 2603 humanitate
1083 2560 1143 2603 sua

64 2643 128 2708 Vir
149 2639 348 2708 clarissimus
366 2642 504 2709 Parrus
520 2643 665 2709 Damas
685 2642 865 2722 Hunrrus,
880 2637 1063 2708 Alnetanus
1078 2642 1143 2709 Ab·

65 2748 142 2831 bas,
158 2771 257 2840 quem
284 2743 449 2840 singulare
474 2771 614 2815 acumen
641 2746 780 2838 ingenii,
800 2746 884 2812 mira
908 2747 1051 2813 suavitas
1070 2771 1142 2814 mo·

67 2879 159 2935 rum,
184 2877 283 2920 omne
309 2850 537 2920 doctrinarum
567 2877 684 2946 genus,
709 2850 886 2938 librorum,
908 2876 992 2944 quos
1019 2852 1142 2945 publici

64 2960 148 3049 juris
176 2958 272 3045 fecit,
299 2959 396 3052 copia
421 2972 454 3026 et
477 2958 635 3042 eruditio,
654 2957 901 3027 commendavit
921 2957 994 3026 orbi
1018 2974 1070 3041 et,
1086 2962 1143 3052 qui
1184 3051 1186 3055 Ι

70 3067 249 3134 maximum
265 3064 355 3133 orbis
370 3063 495 3156 judicio
514 3063 630 3134 calculi
648 3065 699 3132 sui
717 3065 847 3157 pondus
861 3064 1000 3156 adjecit,
1022 3065 1141 3133 intelli-

71 3172 262 3265 gentissimo
289 3172 374 3265 Regi
403 3173 588 3240 Luuovlco
619 3173 774 3254 Macro,
799 3195 818 3237 a
848 3195 914 3262 quo
943 3184 1081 3238 vocatus
1110 3174 1144 3238 in

71 3293 201 3370 partem
235 3279 318 3345 tanti
348 3279 493 3345 muueris
527 3291 596 3361 est,
628 3274 907 3345 moderandorum
940 3278 1144 3345 Serenissimi

71 3384 233 3476 Principis
255 3382 450 3451 studiorum.

123 3489 195 3557 Nos
219 3490 321 3583 igitur
344 3503 513 3558 tantorum
540 3489 708 3572 virorum,
731 3487 852 3581 quibus
878 3511 953 3555 suas
975 3485 1145 3583 publicas-

73 3619 136 3686 que
156 3617 231 3688 spes
253 3597 462 3664 Lnnovrcus
485 3597 641 3665 Maenas
665 3595 850 3679 commisit,
872 3594 1061 3660 auctoritati
1084 3617 1146 3686 pa·

74 3701 217 3783 ruimus,
236 3699 379 3769 consiliis
398 3727 524 3770 morem
544 3702 702 3794 gessimus
722 3726 729 3767 :
750 3714 787 3766 ut
804 3713 966 3791 quantum
985 3699 1018 3766 id
1037 3700 1147 3767 oneris

74 3885 129 3935 εἰει·
139 3883 275 3936 latinitatis
289 3884 459 3954 scriptorum,
473 3901 587 3954 quorum
600 3881 721 3935 collectio
733 3881 832 3934 charta
845 3879 946 3944 nitore,
957 3894 1083 3952 typorum
1098 3881 1149 3931 ele·

74 3963 170 4031 gantia,
182 3976 209 4015 et
220 3963 248 4014 iu
257 3963 392 4035 plerisque
399 3963 579 4015 voluminibus
592 3959 748 4014 eruditionis
762 3960 839 4031 copia
853 3958 1082 4023 commendabilis,
1091 3977 1146 4010 non

76 4044 142 4096 iuter
156 4042 247 4097 ultima
257 4043 346 4114 magui
361 4042 431 4095 illius
445 4043 531 4095 soeculi
546 4055 719 4094 monumenta
732 4038 881 4110 reputanda
898 4052 944 4090 est.
962 4039 1014 4090 En.

946 4134 984 4211 al
