2664 4800
126 385 194 432 vui
328 420 331 434 .
520 360 804 428 HARDUlNl

123 508 174 564 cst
191 496 226 561 in
235 490 341 561 Plinio
352 491 561 580 illustrando,
577 492 692 561 fidenti
710 492 821 560 animo
840 492 1044 579 subiremus,
1059 508 1093 560 et
1106 518 1202 589 spar-

127 614 196 669 tam
214 598 317 685 hanc,
329 612 454 690 quanta
472 614 596 693 quanta
613 597 915 683 est,exomandam
933 598 1200 691 aggrederemur.

179 708 258 774 Non
273 704 501 775 fraudabimus
520 720 634 774 tamen
649 704 768 773 merita
786 703 884 773 laude
898 705 1043 798 priores,
1057 730 1201 799 quorum
1266 724 1269 729 '

126 809 244 904 aliquae
267 810 360 879 fuere
378 813 412 879 in
439 812 504 881 hoc
527 813 599 906 ipso
625 812 759 905 negotio
788 824 899 905 partes
922 836 930 878 ε
954 823 990 881 at
1009 835 1201 906 quanquam

125 917 217 987 haud
233 918 316 986 tritae
334 918 376 985 ab
391 919 468 1012 ipsis
482 918 599 988 orbitae
614 918 813 1004 insistimus,
832 913 980 1011 singulos
995 930 1108 986 tamen
1124 944 1201 988 cum

126 1023 264 1093 honoris
285 1024 478 1118 praefatione
495 1026 591 1118 juvat
610 1023 676 1092 hoc
697 1024 809 1117 operis
829 1022 923 1092 aditu
941 1022 1132 1118 appellare;
1164 1040 1202 1094 ut
1254 1083 1274 1113 Ι.

126 1130 207 1223 quid
229 1129 271 1197 ab
298 1129 360 1198 illis
387 1133 497 1224 primo
519 1132 723 1224 praestitum,
744 1129 826 1223 quid
848 1153 869 1196 a
895 1129 991 1199 nobis
1016 1130 1136 1199 deinde
1161 1135 1203 1200 sit
1271 1123 1275 1136 ⁴

128 1236 294 1329 adjectum
313 1260 440 1330 operae,
461 1236 579 1330 quibus
594 1234 754 1330 ,gradibus
777 1235 820 1303 ad
834 1235 921 1304 hanc
942 1237 1051 1329 operis
1070 1236 1201 1306 absolu·
1255 1255 1258 1262 ’

126 1332 253 1412 tionem
273 1357 472 1437 perventum
491 1344 549 1428 sit,
563 1341 672 1436 palam
691 1341 759 1409 fiat.
777 1343 863 1410 Sunt
880 1339 1202 1412 videlicetVeterum
1244 1335 1247 1343 ’

128 1450 329 1543 scriptorum
344 1447 435 1534 libri,
448 1472 487 1517 ac
502 1447 599 1517 Plinii
612 1449 646 1516 in
662 1448 793 1541 primis,
805 1446 922 1516 eodem
939 1472 1007 1541 quo
1021 1471 1101 1516 arva
1117 1448 1204 1536 fat03
1269 1450 1274 1460 ’

128 1557 191 1624 rusi
206 1579 286 1623 eura
295 1568 470 1622 versentur
479 1556 598 1649 saepius
606 1553 812 1648 diligentium
823 1557 982 1639 virorum,
992 1567 1100 1623 sentes
1110 1553 1205 1625 alunt

129 1674 162 1729 et
174 1674 339 1744 monstra,
355 1660 477 1754 quibus
490 1659 643 1729 tollendis
657 1684 676 1728 e
689 1659 799 1729 medio
814 1658 974 1728 Hercules
986 1685 1055 1728 oon
1063 1684 1151 1730 unus
1163 1664 1204 1731 sit
1270 1650 1274 1658 ’

128 1769 215 1836 satis.
227 1771 344 1860 Itaque
354 1766 435 1859 quid
444 1765 813 1862 illiprimum,quidnos
824 1765 943 1834 deinde
953 1766 1205 1860 profecerimus,

128 1888 163 1942 et
175 1873 296 1968 quibus
306 1874 358 1942 usi
367 1861 470 1941 siinus
482 1871 852 1966 adjumentis,breviter
863 1873 1203 1943 commonstrandum.

182 1981 232 2048 Ut
253 1981 399 2074 primum
422 1977 537 2048 divino
554 2003 692 2047 munere
714 1981 801 2072 typis
820 1978 940 2047 edendi
960 1977 1061 2048 libros
1082 2003 1138 2049 ars
1154 1994 1206 2050 est
1251 2023 1252 2026 =

129 2109 287 2155 concessa
316 2083 538 2172 mortalibus,
569 2083 760 2179 publicandi
790 2086 900 2153 statim
926 2083 1066 2153 Pliniani
1093 2086 1205 2180 op'eris

99 2188 102 2193 ’
129 2205 276 2261 mentem
294 2192 374 2261 viris
388 2216 491 2285 quum
508 2190 693 2279 nobilitate,
707 2205 779 2259 tum
792 2191 883 2259 omni
901 2191 1064 2260 virtutum
1082 2215 1122 2260 ac
1140 2192 1204 2261 do-

130 2299 314 2368 ctrinarum
335 2322 456 2393 genere
478 2295 665 2366 clarissimis
690 2299 824 2369 Numen
854 2296 979 2388 injecit.
1003 2299 1205 2391 Quanquam

94 2492 101 2499 „
129 2401 210 2481 alias
230 2429 330 2473 nemo
350 2418 418 2472 tam
438 2403 599 2473 obscurus
617 2403 694 2490 fuit,
708 2405 789 2498 quin
806 2400 941 2471 illustris
959 2427 1031 2471 esse
1048 2407 1205 2499 coeperit,

128 2525 347 2604 posteaquam
375 2509 456 2579 huic
479 2512 573 2605 operi
598 2535 717 2579 manus
747 2509 906 2578 admovit.
920 2507 1080 2603 Vulgavit
1105 2512 1206 2605 igitur

128 2613 210 2684 illud
227 2617 377 2687 omnium
399 2614 544 2712 primus¹
559 2620 719 2687 loannes
738 2619 926 2698 Annaeus,
940 2615 1116 2684 Aleriensis
1137 2619 1204 2684 An·

129 2722 222 2791 tistes
244 2725 279 2792 iu
297 2723 443 2792 Corsica.
456 2726 556 2792 Hunc
569 2722 623 2791 ille
639 2724 766 2816 primus
782 2724 932 2791 omnium
948 2745 1066 2814 agrum
1083 2725 1206 2809 aravit;

131 2828 190 2896 sed
209 2828 370 2914 sentibus,
388 2843 427 2896 ut
449 2830 495 2896 ita
516 2828 643 2911 dicam,
662 2827 773 2897 adbuc
791 2825 941 2921 reliquit,
960 2827 1116 2922 nubisque
1131 2827 1205 2923 ple-

131 2935 304 3003 nissimum
324 2960 331 3001 :
353 2958 437 3028 quos
455 2937 637 3028 exstirpare
655 2932 774 3002 deinde
794 2938 933 3003 conat'us
953 2948 1024 3019 est,
1042 2960 1103 3002 nec
1123 2936 1203 3004 infe·

130 3037 185 3109 lici
201 3041 339 3109 omnino
357 3041 445 3108 exitu
456 3093 467 3126 ,
477 3041 529 3108 vir
546 3064 688 3134 genere,
704 3039 839 3133 opibus,
855 3039 1035 3134 dignitate,
1053 3043 1206 3135 ingenio,

67 3234 70 3242 f
132 3147 318 3215 eruditione
344 3147 498 3239 insignis,
523 3149 751 3216 Hrnnomus
779 3149 989 3233 Bannanus,
1012 3147 1206 3217 Patriarcha

130 3251 365 3347 Aquileiensis,
384 3251 537 3346 idemque
559 3266 675 3346 postea
692 3253 727 3320 in
745 3277 921 3320 numerum
940 3254 1204 3347 Purpuratorum

131 3361 269 3427 Patrum
294 3356 450 3430 adlectus.
480 3362 513 3426 Is
540 3357 673 3451 quidem
700 3382 790 3427 anno
818 3380 1014 3449 mccccxcu
1041 3361 1204 3453 primum,

132 3466 319 3557 iterumque
342 3463 477 3556 adjectis
506 3489 595 3532 anno
619 3465 839 3557 subsequente
862 3465 1131 3559 castigationibus
1156 3491 1205 3535 se-

133 3570 251 3640 oundis
260 3567 283 3657 ²,
302 3568 531 3639 lucubratione
553 3571 669 3665 viginti
690 3571 835 3639 duorum
853 3571 922 3639 fere
940 3573 1119 3659 mensium,
1140 3573 1204 3641 cir·

178 3742 202 3777 1.
221 3723 282 3777 Non
297 3726 402 3796 primus
414 3725 471 3791 ille,
487 3724 533 3778 aed
545 3725 692 3791 secundus3
706 3744 799 3779 verum
815 3727 952 3796 ignorabat
963 3725 1118 3781 Harduinus
1129 3728 1205 3799 prio·

134 3824 192 3858 rem
206 3824 260 3856 uno
270 3823 339 3857 anno
353 3805 496 3858 editionem
508 3807 638 3857 Venetam
650 3807 774 3858 aloanne
784 3805 909 3875 Spirense
919 3806 1048 3877 prolatam
1059 3826 1103 3860 an.
1118 3812 1206 3876 1469,

134 3890 234 3956 dequo
248 3885 330 3938 fusius
343 3887 391 3938 sub
404 3885 483 3955 hujus
496 3883 620 3938 editionis
634 3885 715 3937 finem
729 3883 762 3937 ad
780 3884 961 3938 Plinianarum
975 3886 1124 3940 editionum
1134 3887 1207 3940 Indi·

133 3984 190 4018 cem
204 3962 355 4018 disseretur.
367 3964 417 4016 En.

175 4065 199 4096 a.
214 4044 350 4098 Hermolai
370 4044 553 4117 castigationes
571 4045 627 4098 sine
646 4044 769 4097 Pliniana
787 4055 912 4098 contextu
934 4044 1110 4115 prodierunt,
1131 4059 1205 4100 utet
