2664 4800
302 342 342 409 C.
370 340 533 410 PLINII
561 342 679 411 Vtut
705 343 769 411 ET
795 341 1014 411 SCRIPTA.
1098 368 1197 413 xxxix

176 473 292 554 Tantis
308 487 427 543 auctus
448 473 581 568 opibus,
591 474 715 544 Plinius
730 475 764 541 in
782 474 911 544 Urbem
926 499 1077 544 reversus
1088 474 1110 556 ¹,
1123 501 1199 544 cun·

126 596 176 650 cta
194 582 230 646 in
241 579 338 674 pejus
351 581 456 648 ruisse
471 583 601 674 reperit.
619 582 754 668 Quanto
775 580 897 649 diutius
915 581 1066 651 coercitae
1087 584 1197 652 Nero·

126 691 173 756 uis
184 685 357 768 libidines,
376 701 468 755 tanto
486 688 595 756 acrius
613 686 857 769 efferbuerant,
874 702 909 756 et
928 687 985 756 ubi
999 704 1198 782 eruperunt,

126 806 244 863 cuncta
261 792 431 887 perditum
449 793 523 862 ire:
544 795 697 863 immanis
716 795 826 862 statim
843 793 930 862 foret
951 795 1058 878 visus,
1074 796 1109 862 ni
1129 797 1198 888 ipse

125 897 271 993 singulos
287 901 322 969 in
341 897 410 968 dies
429 898 545 968 fuisset
560 902 713 968 atrocior.
730 899 941 968 Accedebant
962 898 1106 970 caelestes
1125 902 1199 984 irae,
1243 893 1247 904 ¹

127 1005 281 1098 Urbsque
294 1020 330 1073 et
340 1003 436 1074 Italia
450 1007 613 1099 portentis
626 1005 837 1100 pestibusque
851 1008 1022 1099 exagitatas
1032 1032 1039 1073 :
1050 1006 1108 1075 sed
1122 1033 1197 1100 por·

126 1127 250 1181 tentum
263 1113 373 1204 majus
387 1111 557 1205 majorque
568 1114 670 1206 pestis
683 1113 783 1180 Nero.
794 1115 901 1206 Opes,
916 1113 1003 1181 fama
1013 1165 1023 1197 ,
1034 1111 1199 1195 nobilitas,

126 1220 229 1287 virtus
241 1219 348 1286 exitio
359 1218 582 1287 vertebantur.
591 1220 644 1288 Ne
656 1216 840 1287 litterarum
851 1217 984 1312 quidem
997 1218 1199 1313 perfugium,

126 1324 264 1418 sapienti
277 1347 411 1417 semper
424 1324 573 1411 obvium,
586 1324 741 1393 manebat
750 1349 767 1392 a
772 1324 840 1418 pud
852 1325 1033 1418 principem
1043 1322 1199 1394 litteraria

125 1433 221 1499 etiarn
241 1429 371 1498 invidia
388 1429 542 1509 ferocem.
562 1432 664 1499 Nosci
681 1445 752 1499 erat
773 1433 932 1513 intutum,
949 1454 1011 1500 nec
1027 1445 1134 1500 tutum
1151 1430 1198 1499 la·

126 1552 201 1606 tere.
218 1535 384 1605 Prudenti
397 1535 620 1605 celebritatem
637 1538 722 1605 inter
734 1551 767 1605 et
785 1537 1019 1605 obscuritatem
1035 1551 1198 1630 tempera-

125 1657 253 1725 mento,
264 1641 391 1717 Plinius
400 1657 476 1711 octo
488 1641 588 1711 libros
597 1642 705 1711 Dubii
713 1640 895 1711 sermoni&
907 1641 1017 1711 edidit.
1027 1645 1200 1712 Tenuitate

125 1750 261 1842 quidem
279 1750 405 1843 operis,
420 1748 510 1842 quod
527 1750 694 1818 abstrusos
708 1749 886 1818 verborum
899 1774 1013 1817 sensus
1026 1750 1199 1818 scrutaba-

125 1870 196 1942 tur,
210 1856 399 1950 principem
418 1854 576 1924 adversus
594 1854 709 1923 altiora
725 1870 869 1924 erectum
890 1854 986 1924 elusit
1001 1880 1007 1921 :
1025 1870 1059 1923 at
1077 1857 1132 1922 vin
1147 1857 1199 1925 ef-

166 2095 190 2130 ι.
211 2075 335 2128 Probare
348 2084 474 2138 conatur,
485 2074 531 2127 sed
547 2075 711 2145 argumentis
725 2074 834 2126 minime
844 2075 945 2139 certis,
959 2076 1139 2139 Rezzonicus,
1151 2076 1202 2129 Pli·

125 2156 202 2209 nium
215 2173 250 2208 ex
264 2154 394 2225 Hispania
407 2172 464 2207 non
479 2165 540 2207 ante
553 2154 710 2225 Vespasiani
731 2164 852 2224 tempora
869 2154 988 2207 rediisse.
1013 2156 1152 2208 Broterius
1165 2157 1203 2208 al·

127 2247 212 2289 ter-am
227 2235 389 2306 opinionem
406 2233 563 2304 amplexus,
574 2234 655 2286 nimis
669 2232 781 2286 fortasse
793 2233 933 2305 pueriliter
944 2232 1113 2287 declamandi
1128 2253 1205 2289 occa·

126 2315 230 2369 sionem
243 2312 310 2367 inde
321 2315 394 2385 capit
409 2316 462 2366 En.

164 2412 194 2450 a.
216 2391 417 2451 Studiosorum
435 2393 519 2446 libros
533 2392 649 2446 Neronis
661 2392 814 2464 principatu
829 2391 918 2445 medio
934 2391 1051 2446 Plinium
1064 2393 1201 2464 scripsisse

124 2474 296 2546 conjecimus
311 2491 319 2526 t
333 2474 407 2526 illius
425 2491 487 2525 vero
510 2472 660 2526 novissimis
675 2471 753 2523 annis
767 2469 856 2524 Dubii
865 2470 1006 2525 sermonis
1021 2490 1108 2542 opus,
1124 2473 1200 2541 quod

125 2566 188 2609 octo
204 2553 284 2607 libris
299 2552 460 2606 conclusum
475 2551 565 2622 perid
578 2552 705 2622 temporis
721 2551 871 2619 invulgasse
884 2562 957 2602 certo
970 2551 1108 2604 scimus...
1122 2554 1200 2621 Opus

127 2632 178 2688 boe
192 2634 292 2704 utique
309 2632 512 2702 grammaticum
534 2642 615 2701 atque
636 2631 663 2683 in
684 2630 731 2683 illo
751 2629 786 2682 de
803 2647 899 2681 vocum
916 2628 1082 2692 differentia,
1097 2631 1201 2698 generi·

127 2713 194 2778 bus,
209 2712 453 2784 pronunciatione,
468 2710 661 2780 scribendique
677 2708 806 2761 methodo
819 2708 976 2760 disseruisse
986 2708 1059 2761 ultro
1075 2708 1200 2763 fatemur.

126 2795 165 2847 lta
174 2805 271 2848 umen
284 2803 316 2845 ut
325 2790 403 2863 plura
415 2790 450 2843 ad
460 2790 525 2843 alias
535 2808 646 2862 qnoque
659 2788 798 2841 facultates
809 2788 956 2858 spectantia
968 2786 1099 2856 attigerit,
1114 2793 1202 2858 quum

127 2872 239 2927 diverse
250 2871 321 2924 adeo
337 2871 466 2925 hereseos
487 2870 711 2942 philosophorum
725 2868 827 2921 rabiem
846 2878 873 2920 et
888 2867 982 2920 dentes
1003 2870 1156 2934 exacuerit,
1171 2880 1202 2921 ut

127 2965 269 3007 auctorem
279 2962 341 3023 post
349 2949 483 3003 decimum
494 2951 574 3003 etiam
587 2966 689 3001 anuum
702 2949 775 3000 inani
787 2966 879 3001 morsu
892 2947 1065 3018 oppetierint.
1079 2951 1201 3001 Brauon.

127 3035 253 3104 -Saepe
270 3030 432 3103 profertura
444 3031 579 3083 veteribus
595 3029 773 3099 grammaticis
787 3027 940 3089 Prisciano,
952 3025 1083 3080 Diomede
1096 3039 1123 3080 et
1134 3028 1205 3081 Cha·

128 3114 211 3177 risio,
222 3113 356 3165 librorum
367 3111 480 3163 istorum
490 3110 649 3171 auctoritem
663 3109 690 3161 in
702 3107 803 3177 quibus
816 3107 902 3159 multa
913 3106 1049 3176 eVirgilio
1060 3117 1202 3160 annotasse

128 3194 250 3247 Plinium
263 3190 401 3246 Charisius
413 3190 549 3260 praecipue
562 3188 689 3241 ostendit.
700 3186 804 3240 Alludit
814 3186 848 3239 ad
863 3204 911 3238 eos
925 3197 1020 3239 auctor
1028 3187 1101 3257 ipse,
1111 3187 1203 3239 Histo-

130 3274 175 3325 riae
187 3271 327 3324 Naturalis
339 3267 510 3340 praefatione,
521 3279 549 3321 et
562 3267 667 3320 libellos
678 3277 768 3330 vocat,
786 3284 858 3338 quos
866 3265 902 3319 de
912 3265 1102 3337 grammatica
1114 3265 1204 3319 edidi.

130 3354 212 3404 Hunc
227 3349 352 3422 profecto
364 3347 554 3402 secundarium
569 3347 680 3400 titulum
693 3346 802 3414 gessisse
816 3345 876 3398 illos
895 3356 1004 3416 oportet
1017 3356 1044 3397 et
1057 3344 1091 3396 de
1105 3343 1207 3397 Gram-

130 3430 255 3494 matico,
270 3428 312 3481 vel
329 3429 420 3499 potius
441 3426 478 3481 de
492 3431 562 3482 Arte
573 3424 767 3498 grammatico
789 3426 933 3496 inscriptos
951 3426 1034 3477 fuisse
1047 3444 1054 3478 z
1066 3442 1128 3477 nam
1147 3426 1206 3477 Pri·

130 3512 254 3574 scianus,
274 3508 404 3561 memoria
424 3507 524 3579 lapsus,
546 3516 577 3559 ut
590 3507 701 3577 opinor,
715 3504 827 3559 Artium
847 3515 940 3568 vocat3
955 3505 1102 3572 Gregorius
1115 3515 1206 3557 autem

130 3589 317 3653 Turonensis,
337 3587 396 3640 loco
417 3606 480 3641 mox
495 3585 679 3658 proferendo:
694 3584 827 3649 «Plinius,
845 3585 949 3655 inquit,
968 3594 1063 3636 auctor
1080 3585 1107 3635 in
1126 3585 1206 3637 tertio

132 3667 340 3724 Grammutt'coe
354 3666 453 3721 libro.»
467 3664 680 3719 Desiderandum
695 3682 869 3735 quocumque
886 3664 937 3716 sub
952 3664 1061 3716 nomine
1076 3663 1208 3734 prodierit

131 3766 217 3819 opus,
231 3746 380 3818 aliqnando
400 3746 514 3800 fortasse
534 3745 605 3799 felici
622 3744 677 3797 fato
691 3756 822 3812 emcrgct3
840 3743 974 3813 siquidem
990 3744 1087 3813 quinto
1101 3742 1208 3794 decimo

132 3828 224 3881 adbuc
232 3827 332 3881 saeculo
341 3825 488 3880 Tortellius
498 3826 638 3878 Arretinos
650 3823 761 3877 Nicolao
773 3826 880 3894 papaeV
892 3840 962 3894 opus
971 3841 1051 3876 suum
1064 3822 1098 3874 dc
1108 3822 1210 3874 Ortho-

133 3907 246 3978 grapbia
259 3905 401 3969 dedicans,
412 3916 536 3978 qrratuor
552 3902 642 3959 Plinii
657 3899 736 3956 fibris
749 3903 785 3956 de
799 3907 865 3958 Arte
878 3902 1071 3974 granimastice
1087 3919 1165 3953 usum
1180 3919 1208 3952 se

134 3986 293 4058 profitetur,
304 3985 396 4040 locum
410 3987 509 4040 citaute
524 3984 682 4043 Rezzonico.
698 3986 748 4037 lin.
836 4048 839 4053 ι
1079 3994 1082 4001 ’

994 4091 1029 4162 ct
