2664 4800
121 370 202 416 xxvi
517 347 798 453 ,tttnntttttt

176 479 223 546 Ut
232 475 335 546 multa
345 501 426 546 vcro
434 478 500 546 sint
508 503 547 547 ea
561 504 633 573 quie
644 478 906 551 animaduersum
920 502 1036 548 sumus
1047 478 1082 546 in
1089 481 1199 565 Notis,

123 608 192 653 non
210 597 261 652 est
272 580 453 652 verendum
470 599 600 670 tamen,
614 588 662 655 uti
680 609 807 669 remur,
826 609 869 654 ne
882 582 1076 678 prolixiores
1090 585 1200 654 videa·

124 715 202 760 mur
222 691 279 775 iis,
294 691 350 785 qui
373 688 454 760 nibil
471 690 514 760 de
528 690 628 778 laece,
643 691 733 786 quod
748 693 856 778 aiunt,
875 690 1010 761 haurire
1023 716 1086 761 nos
1101 690 1198 761 facile

124 808 329 891 paterentur.
342 799 460 891 Neque
477 798 563 867 enim
585 799 663 867 trita
679 811 737 867 aut
758 810 835 865 ante
852 796 952 892 pedes
966 798 1072 891 posita
1082 796 1200 866 affere·

124 926 200 971 mus
213 926 221 969 :
234 926 301 970 non
320 927 538 996 congeremus
564 903 633 973 fere
652 903 819 998 praeruissa
839 927 859 970 a
877 904 1021 990 caeteris,
1035 927 1098 971 nec
1114 902 1197 973 bor-

123 1021 197 1077 tum
208 1031 307 1102 quem
321 1006 475 1097 colimus,
488 1008 603 1079 alienis
612 1009 820 1104 irrigabimus
831 1006 1029 1077 rivulisznec
1043 1008 1199 1103 denique,

125 1112 216 1208 quod
233 1128 346 1183 noster
366 1129 495 1201 monet,
511 1115 713 1211 diligentiam
735 1113 966 1183 affectabimus
986 1116 1020 1183 in
1038 1139 1199 1210 supervu-

124 1220 206 1289 mir.
216 1220 443 1308 Quamobrem
460 1223 484 1291 si
497 1221 655 1291 diffusum
669 1221 702 1289 id
720 1221 817 1288 nimis
831 1244 915 1312 opus
923 1221 1066 1314 cuipiam
1080 1219 1200 1289 nihilo

123 1326 237 1395 minus
253 1324 423 1415 videatur,
443 1327 476 1396 id
497 1328 644 1421 responsi
671 1327 771 1413 seret,
785 1325 875 1419 quod
897 1326 1081 1420 reposuisse
1099 1341 1199 1395 acute

127 1429 252 1501 Plinius
269 1429 367 1500 alter¹
381 1433 585 1528 perhibetur,
594 1458 698 1526 quum
715 1431 826 1501 villam
842 1428 984 1525 aliquam
1002 1430 1199 1527 perelegan-

126 1551 194 1607 tem
212 1537 434 1633 particulatim
449 1541 558 1608 amico
569 1539 763 1634 depingeret
774 1562 782 1605 τ
795 1567 812 1602 r
825 1539 902 1607 Non
916 1535 1108 1632 epistolam,
1123 1562 1199 1632 quae

125 1641 296 1731 describit,
306 1644 363 1713 sed
374 1643 484 1715 villam
494 1669 567 1740 qua
575 1643 783 1731 describitur,
793 1667 947 1738 magnam
959 1666 1042 1712 esse.
1055 1647 1198 1714 Brevem

125 1772 213 1836 esse,
230 1750 287 1844 qui
303 1750 382 1820 lauit
399 1750 488 1845 <prod
513 1752 673 1820 instituit:
686 1752 713 1820 si
734 1751 878 1820 materiae
900 1750 1113 1837 immoratur,
1127 1774 1199 1820 non

125 1879 197 1925 esse
211 1853 368 1950 longum:
382 1881 449 1925 non
464 1882 639 1926 excursum
659 1857 768 1941 bunc,
788 1855 846 1925 sed
867 1879 952 1949 opus
966 1856 1073 1950 ipsum
1088 1880 1195 1926 esse.»

177 1965 228 2031 Ac
240 1962 384 2031 frontem
400 1962 532 2058 quidem
548 1964 653 2056 ipsam
669 1961 808 2031 Pliniani
825 1963 935 2057 operis
949 1959 1056 2031 multo
1071 1960 1200 2056 politio

125 2090 196 2136 rem
210 2067 478 2162 nitidioremque,
494 2093 593 2162 quum
603 2068 666 2137 tuit
678 2068 853 2153 hactenus,
865 2067 1199 2162 exhibemustpriore

124 2170 211 2242 libro
235 2175 384 2268 integro,
406 2177 461 2269 qui
485 2187 681 2243 caeterorum
706 2174 805 2242 index
830 2187 897 2260 est,
918 2197 1017 2268 quem
1047 2176 1198 2268 priorum

122 2278 289 2349 editorum
308 2278 505 2375 negligentia
523 2280 711 2365 abdicarat,
731 2280 774 2348 ad
792 2278 891 2348 fidem
910 2280 1009 2348 MSS.
1023 2278 1198 2364 codicum,
1237 2270 1243 2279 ⁴

124 2386 208 2479 Reg.
230 2409 266 2472 t,
291 2412 332 2468 a,
350 2385 447 2456 Colb.
471 2400 561 2472 a,et
578 2385 754 2473 Tbuanaei,
774 2410 863 2454 nunc
879 2387 1023 2480 primum
1040 2386 1074 2453 in
1088 2383 1197 2455 lucem

113 2490 258 2587 prolato
271 2519 282 2581 ;
297 2491 449 2588 ablegato
468 2493 599 2561 interim
617 2490 722 2561 altero
731 2489 755 2579 ²,
771 2515 869 2585 quem
893 2492 1036 2586 imperiti
1053 2490 1198 2560 audacu-

126 2594 214 2693 lique
228 2599 291 2669 riri
309 2623 350 2669 ex
363 2598 497 2669 officina
519 2623 595 2683 sua,
610 2610 644 2667 et
660 2623 702 2667 ex
719 2596 929 2667 lemmatibus
946 2598 1109 2692 capitum,
1123 2622 1198 2691 que

125 2705 356 2775 confinxerant
375 2707 436 2800 ipsi
453 2730 586 2800 quoque
613 2730 675 2799 pro
699 2705 876 2789 arbitratu,
898 2729 960 2797 pro
977 2728 1057 2773 vero
1080 2727 1120 2771 ac
1137 2728 1198 2799 ge-

126 2811 249 2895 nuino,
265 2796 499 2881 concidnatum
513 2813 733 2881 obtruserant.
748 2812 792 2878 At
809 2809 865 2878 ubi
878 2809 1093 2879 nibilominus
1108 2811 1143 2878 in
1153 2834 1197 2879 eo

127 2916 200 3011 ipso
213 2939 311 3010 quem
327 2931 616 3009 representamus,
630 2917 685 3009 qui
700 2940 761 2984 nec
770 2914 912 2983 Plinium
929 2919 1036 3010 ipsum
1051 2915 1198 2986 fortassis

127 3035 297 3091 auctorem
316 3024 418 3117 sapit,
434 3022 591 3092 excidisse
610 3021 780 3115 quidpiam
801 3019 894 3089 licuit
911 3023 1091 3117 suspicari,
1112 3021 1200 3091 lacu·

126 3150 205 3196 uam
224 3128 269 3198 ibi
285 3128 530 3223 exconjectura
549 3126 775 3223 supplevimus
788 3153 800 3195 .·
813 3127 1029 3223 diversoque,
1049 3127 1116 3196 hoc
1129 3142 1198 3216 est,

128 3232 244 3303 Italico
263 3234 420 3331 pingendi
437 3233 630 3305 charactere
647 3232 700 3302 edi
720 3234 918 3304 curavimus.
929 3234 1039 3304 Additi
1056 3233 1199 3328 denique

125 3341 276 3425 numeri,
287 3344 343 3437 qui
357 3327 574 3412 sectiondrus³
585 3340 837 3435 responderent,
848 3341 882 3407 in
896 3365 978 3435 quas
991 3339 1199 3435 singulorum

128 3444 289 3517 librorum
310 3463 426 3542 postea
439 3462 524 3518 esset
537 3447 740 3517 subsecanda
762 3447 908 3515 materia.

171 3704 196 3739 r.
208 3684 278 3738 etta.
291 3684 339 3737 lib.
350 3685 387 3750 V,
398 3686 484 3758 Epist.
498 3691 531 3749 6,
548 3693 594 3751 44.

169 3785 196 3818 a.
211 3764 301 3830 Quen
314 3783 380 3828 nos,
395 3779 424 3819 ut
439 3766 580 3821 habentem
595 3784 654 3819 suus
669 3767 749 3821 etiam
763 3784 778 3818 e
793 3764 930 3819 codicibus
944 3765 1130 3828 amtoritates,
1143 3784 1198 3819 uon

128 3845 240 3899 omuino
252 3842 446 3915 abjiciendum,
457 3844 503 3899 sed
517 3846 586 3900 inter
600 3846 737 3917 generales
750 3844 851 3901 indioea
862 3846 912 3898 sub
924 3844 1006 3899 totius
1018 3844 1107 3916 operis
1118 3846 1200 3899 finem

130 3922 319 3980 removendum
331 3940 387 3977 esse
399 3922 530 3979 duximus.
544 3923 597 3977 Eu.

59 4002 62 4009 '
172 4004 197 4059 3.
210 4004 272 4060 Sive
283 4004 428 4075 capitibus:
444 4003 505 4058 vide
518 4006 598 4072 iufra,
613 4025 640 4078 p.
649 4024 748 4070 xxviii,
759 4017 816 4057 not.
829 4021 851 4056 t.
867 4004 919 4058 Eu.
