2664 4800
123 375 146 418 x
521 355 796 424 HARDUINI

125 483 293 578 plaribus‚
311 509 379 553 non
398 509 503 579 pauca
520 488 679 575 restituit,
697 513 770 582 quae
784 485 1001 558 Hermolaum
1017 485 1199 574 latuerant,

126 588 292 682 ediditque
320 593 574 685 castigationum
602 593 760 663 volumen
785 594 876 662 haud
902 594 1200 680 contemnendum,

125 719 214 762 anno
232 719 394 764 Moxxxu
405 699 623 768 Vetustorum
645 700 672 769 is
690 701 879 770 auctoritati
899 699 1051 768 codicum
1069 724 1109 768 ac
1123 700 1200 770 fidei

122 814 255 870 tantum
279 803 410 887 tribuit,
430 820 590 897 quantum
611 806 785 875 detrahere
805 806 920 875 iisdem
939 806 1029 876 visus
1047 821 1098 874 est
1111 811 1199 875 Her·

126 905 265 976 molaus.
282 911 345 977 llic
364 911 451 978 enim
473 936 532 979 sua
545 911 673 1006 profert
691 913 725 980 in
742 912 907 996 medium,
926 912 1033 981 ductis
1054 937 1094 981 ex
1110 912 1200 1006 mul5

128 1013 237 1108 tigena
250 1012 391 1084 lectione
402 1016 603 1110 conjecturis
616 1043 623 1085 :
637 1016 786 1087 Pliniana
798 1017 954 1088 Gelenius
970 1044 1010 1087 ex
1024 1017 1201 1088 conditivis

125 1117 257 1188 duobus
277 1119 369 1190 libris
391 1137 545 1193 revocata
567 1123 680 1212 affert,
701 1150 764 1194 nec
785 1123 890 1193 multa
911 1122 966 1191 illa
987 1139 1120 1211 tumen,
1143 1124 1202 1193 sed

126 1227 204 1294 satis
223 1227 337 1320 proba.

182 1331 310 1402 Gelenii
333 1334 527 1404 methodum
555 1361 594 1405 ac
612 1337 774 1406 rationem
803 1337 950 1405 imitatus
972 1334 1092 1405 deinde
1113 1360 1202 1404 anno

129 1438 347 1533 subsequente
362 1442 581 1529 Bissonum,
594 1445 850 1539 cuipraenomen
868 1446 998 1527 anro,
1007 1441 1060 1511 vel
1070 1446 1201 1512 Bmmo

128 1545 199 1614 suit.
219 1550 250 1615 Is
273 1571 292 1615 e
317 1547 444 1617 mendis
469 1550 592 1643 pariter
608 1564 640 1619 et
661 1551 765 1619 ruinis
792 1563 943 1618 veterum
964 1546 1202 1642 exemplarium

128 1676 319 1759 germanam
342 1678 458 1723 eruere
477 1656 673 1750 scripturam
697 1655 892 1749 quibusdam
912 1657 947 1722 in
968 1653 1048 1722 loeis
1064 1668 1203 1722 conatus

130 1772 194 1844 est,
204 1759 269 1828 boc
280 1774 347 1848 est,
365 1785 483 1828 aurum
495 1760 649 1856 colligere
666 1788 707 1831 ex
723 1777 868 1831 stercore
881 1787 887 1828 :
899 1777 998 1855 atque
1012 1761 1045 1827 in
1055 1758 1203 1829 Pliniana

129 1856 568 1961 praefati‘onqprioribusque
582 1867 672 1937 libris
683 1865 1094 1963 quatuordecim,opellam
1109 1890 1202 1934 suam

128 1969 465 2067 quantulamcumque
487 1976 607 2069 passim
625 1975 859 2043 commodavit.
1108 2057 1116 2074 Ι

183 2077 412 2167 Quadriennio
437 2095 515 2173 post
541 2084 754 2151 Srnrnsuus
778 2084 932 2164 AQomos
959 2073 1095 2173 (vulgo
1114 2077 1204 2173 apud

131 2181 208 2251 s'uos
226 2187 282 2252 De
306 2187 468 2281 l’Azgue,
491 2187 535 2256 de
561 2185 784 2276 Beauvai's‚)
812 2187 959 2256 Biturica
979 2185 1095 2254 Galliae
1122 2208 1204 2279 agro

130 2289 309 2378 oriundus,
326 2294 377 2361 vir
394 2291 512 2362 nobilis
530 2295 564 2361 in
582 2295 714 2387 primis,
733 2318 772 2361 ac
801 2292 914 2361 militia
936 2315 1068 2384 quoque
1089 2304 1204 2358 exacta

132 2398 264 2491 egregie
287 2398 456 2486 sordidus,
476 2401 744 2469 Commentarios
758 2400 888 2494 scripsit
906 2399 939 2466 in
954 2422 1069 2466 omnes
1084 2395 1203 2466 libros:

131 2502 189 2570 sed
204 2501 292 2571 mole
305 2507 411 2600 magis
430 2531 529 2600 quarn
542 2507 726 2576 eruditione
740 2506 893 2601 insignes.
912 2504 985 2572 Nec
1000 2527 1081 2571 vero
1093 2527 1205 2571 emen-

133 2606 282 2679 dationes
299 2608 381 2680 ullas
397 2612 517 2700 habet,
534 2637 635 2707 quam
649 2638 731 2708 quas
745 2637 764 2681 a
780 2612 944 2681 Rhenano
959 2624 1128 2679 mutuatus
1138 2623 1204 2677 est:

132 2728 166 2783 et
181 2740 219 2784 ea
241 2716 310 2785 fere
325 2720 360 2786 in
381 2720 501 2812 quibus
520 2719 723 2789 salebrarum
744 2734 794 2788 est
813 2717 936 2811 aliquid
958 2732 1016 2785 aut
1033 2714 1204 2810 ambagis,

134 2819 217 2889 solet
237 2822 283 2908 is,
303 2848 364 2892 ceu
383 2824 530 2911 foveam,
549 2850 684 2895 securus
700 2822 923 2920 praetergredi.

185 2928 283 2996 Anno
303 2952 465 3018 noxum,
487 2933 745 3001 Fennmsunus
760 2930 887 2999 Nuunz
900 2953 947 2998 ns
971 2930 1147 3016 Guzmsu,
1166 2952 1205 2998 ex

134 3031 314 3127 perillustri
344 3037 596 3104 Guzmanorum
624 3035 766 3119 familia,
787 3050 882 3129 patre
909 3033 1069 3104 Praefecto
1091 3035 1208 3103 aerario

133 3141 235 3234 Regis
255 3141 509 3234 Hispaniarum,
530 3143 728 3212 Pincianus
750 3165 769 3209 a
789 3142 895 3235 patria
912 3139 1112 3209 Salmantica
1123 3139 1207 3209 scili-

134 3259 204 3332 cct,
221 3271 294 3340 quae
315 3261 349 3315 et
364 3249 476 3316 Pincia
490 3246 598 3334 dicta,
620 3249 891 3342 cognominatus,
912 3246 1208 3315 Observationibus

135 3353 216 3438 suis,
238 3378 303 3446 qua
320 3355 417 3423 MSS.
439 3353 591 3424 codicum
610 3370 690 3449 ope,
706 3378 773 3449 qua
790 3368 941 3423 veterum
960 3366 1134 3421 auctorum
1158 3350 1207 3420 le-

136 3459 246 3527 ctione
263 3461 455 3529 universum
474 3460 569 3530 Plinii
590 3485 691 3555 opus,
707 3476 827 3556 praeter
845 3459 965 3529 librum
985 3473 1209 3553 postremum,

135 3563 275 3634 reddere
288 3565 431 3635 limatius
444 3591 617 3663 aggressus
628 3582 691 3636 est:
705 3591 743 3637 ac
755 3569 780 3635 si
792 3568 904 3661 Lipsio
916 3564 1098 3648 credimus,
1116 3593 1132 3627 α
1149 3589 1209 3657 per

136 3668 232 3739 Plinii
265 3688 435 3742 sexcentas
468 3673 612 3743 salebras
649 3688 683 3742 et
718 3674 891 3742 aestuantia
924 3670 1009 3740 vada
1043 3671 1209 3764 pervasit,

137 3775 226 3846 felici
244 3779 389 3872 quodam
411 3781 533 3874 ingenii
555 3795 589 3849 et
602 3779 718 3872 judicii
739 3793 849 3848 vento.
880 3807 897 3841 o
923 3779 1013 3846 Usus
1035 3792 1085 3846 est
1111 3777 1208 3843 MSS.

136 3882 288 3972 duobus,
306 3885 574 3973 Salmanticensi,
592 3900 625 3955 et
636 3884 797 3954 Toletano
808 3911 815 3951 :
828 3883 976 3980 probatis
990 3881 1051 3952 illis
1065 3881 1210 3976 quidem,

135 3991 192 4060 sed
215 3990 336 4061 mutilis
358 4018 477 4087 magna
496 4018 536 4061 ex
559 4007 667 4087 parte,
683 4015 723 4061 ac
737 3992 872 4062 truncis.
891 3987 1041 4062 Contulit
1059 4013 1135 4059 cum
1151 3984 1211 4057 Pli-
