2664 4800
194 367 230 414 ιν
364 345 427 412 DE
454 342 583 414 Nova
608 344 650 411 C.
674 342 820 412 'PLINII
848 343 1085 427 EDITIONE.

240 501 302 571 His
319 497 724 594 auspiciis'difficillimam
743 499 882 570 tortasse
900 515 1031 594 partem
1052 499 1155 569 totius
1171 501 1269 571 insti-

191 616 258 684 tuti
274 615 339 684 mei
357 613 554 709 aggredior,
576 615 670 708 prius
691 614 880 708 professus,
900 640 963 684 nec
980 615 1066 684 mihi
1089 639 1150 683 nec
1169 640 1268 709 egre-

191 733 255 826 giis
268 730 477 825 adjutoribus
492 729 673 825 iisdemque
687 731 804 800 amicis
820 730 902 799 meis
915 728 999 798 iilud
1012 755 1163 825 unquam
1177 731 1267 801 fidu-

192 846 252 915 ciae
277 845 406 914 venisse
431 844 466 911 in
493 857 659 930 mentem,
679 858 719 911 ut
744 868 955 938 speraremus
981 845 1016 913 in
1042 858 1137 913 tanto
1163 846 1271 933 mari,

192 974 357 1054 quantum
382 958 480 1027 remis
502 957 650 1052 velisque
672 959 851 1052 enavigare
874 958 1129 1045 contendimus,
1149 984 1267 1029 omnes

191 1074 309 1143 evitari
323 1098 419 1168 posse
430 1070 595 1168 scopulos.
606 1071 670 1143 Sed
684 1073 784 1167 periti
801 1098 913 1141 rerum
928 1075 1145 1143 aestimatores
1161 1075 1270 1168 magis

193 1188 278 1282 quid
295 1188 553 1282 profecerimus,
571 1211 673 1280 quam
693 1186 752 1254 ubi
771 1185 1030 1272 offenderimus,
1044 1187 1268 1281 reputabunt:

194 1304 271 1371 etsi
295 1302 379 1371 mihi
400 1300 575 1396 publicus,
595 1315 634 1369 ut
652 1315 755 1394 opto,
772 1300 886 1385 favor,
905 1300 1190 1395 quemadmodum
1210 1327 1270 1369 an-

193 1433 249 1488 tea
278 1444 425 1514 semper,
449 1417 665 1512 aspiraverit,
690 1421 763 1486 Deo
785 1417 942 1511 juvente,
971 1417 1065 1487 brevi
1092 1443 1146 1486 me
1172 1443 1272 1512 spero

194 1537 282 1604 hanc
299 1559 435 1629 quoque
448 1557 588 1619 navem,
604 1534 671 1602 sive
688 1533 800 1627 potius
819 1531 972 1619 classem,
985 1534 1172 1629 omnigenis
1184 1534 1271 1602 anti·

195 1675 268 1744 quae
290 1647 450 1717 doctrinae
472 1647 576 1742 oopiis
599 1670 760 1742 gravem,
778 1648 919 1742 egregiis
947 1672 1027 1716 vero
1050 1648 1270 1716 armamentis

194 1763 413 1848 instructam,
432 1776 465 1831 et
481 1761 685 1855 optimorum
707 1760 971 1856 gubernatorum
991 1776 1064 1831 arte
1083 1762 1272 1842 munitam,

195 1877 239 1946 ad
263 1890 395 1972 optatos
415 1891 537 1971 portus
556 1875 697 1944 feliciter
718 1901 788 1945 esse
807 1875 1042 1947 deducturum.

1000 2150 1043 2217 N.
1070 2150 1172 2217 E.L
