2664 4800
261 396 268 409 ·
332 373 396 443 AD
424 372 675 443 LECTOREM
702 371 999 441 BENEVOLUM.
1156 401 1198 447 nr

122 511 231 627 jorem
248 554 454 616 numerum,
472 530 552 626 ipsis
570 555 647 599 cum
663 530 913 626 indicibus‚qui
932 530 967 598 in
989 528 1046 599 illa
1068 530 1197 603 deside-

127 663 265 733 rantur,
285 670 355 714 esse
371 643 631 739 complexuram.
656 644 787 713 Indices
809 669 890 713 vero
910 669 1026 714 omnes
1054 649 1198 719 revisere

124 762 255 856 jamdiu
279 761 461 854 coepimus;
480 774 513 828 et
531 784 616 854 quos
636 783 679 827 ne
701 758 895 827 Harduinus
915 759 1050 852 quidem
1069 762 1140 856 ipse
1163 766 1197 833 in

125 877 253 969 justum
272 873 426 942 ordinem
446 871 615 968 redigere,
636 871 805 941 immensae
823 869 921 940 molis
937 897 1041 966 opus,
1063 899 1197 968 aggres-

129 1015 183 1059 sus
202 1005 270 1072 est,
286 986 344 1056 sed
361 985 517 1056 confusos
533 986 782 1081 indigestosque
801 983 955 1079 reliquit,
975 1011 1037 1056 nos
1056 1002 1123 1057 tarn
1142 1016 1199 1060 ac-

129 1119 244 1174 curate
261 1100 447 1196 perlectos,
468 1113 604 1194 tamque
621 1099 779 1168 omnibus
798 1099 947 1168 numeris
965 1100 1134 1173 absolutos
1146 1129 1199 1173 ex·

130 1218 382 1302 hibebimus,ut
396 1215 519 1284 nostris
530 1214 573 1284 ad
586 1214 784 1310 Virgilium,
797 1213 958 1285 Ovidium
967 1231 1001 1286 et
1012 1217 1201 1289 Martialem

131 1331 300 1401 indicibus
317 1329 425 1399 nihilo
444 1330 511 1399 sint
531 1329 715 1398 inferiores.

177 1453 249 1519 Nec
271 1473 351 1517 vero
372 1446 455 1517 illud
472 1447 684 1530 omittemus,
697 1445 787 1541 quod
810 1446 845 1514 in
860 1446 1028 1543 plerisque
1041 1465 1120 1519 ante
1138 1476 1200 1521 nos

130 1559 334 1635 editionibus
352 1582 528 1652 perperam
549 1555 738 1651 neglectum
758 1571 827 1643 est,
847 1572 886 1626 ut
904 1558 1042 1652 singulae
1056 1559 1201 1631 Pliniani

131 1675 242 1769 operis
257 1687 386 1767 partes,
407 1672 560 1766 physica,
579 1670 821 1766 geographica,
834 1669 1022 1765 zoologica,
1035 1675 1204 1767 botanica,

131 1771 194 1857 etc.
217 1804 379 1881 tanquam
399 1787 557 1856 distincta
572 1787 712 1855 totidem
733 1810 853 1878 opera,
876 1801 967 1855 certo
985 1789 1130 1880 quodam
1148 1816 1206 1860 vo·

133 1904 300 1971 luminum
321 1924 462 1970 numero
479 1888 727 1994 comprehensa
748 1897 928 1992 prodeant,
950 1914 1050 1995 atque
1067 1903 1113 1971 ita
1128 1929 1205 1974 cum

131 2019 260 2111 majore
283 2016 447 2084 lectorum
465 2014 702 2084 commoditate
721 2013 900 2107 separatim
920 2012 1006 2082 volvi
1021 2041 1060 2084 ac
1077 2033 1205 2110 pertra-

130 2133 212 2201 ctari
234 2131 375 2225 possint.
392 2129 508 2198 Primo
524 2127 660 2222 quidem
680 2142 773 2197 tomo
787 2127 997 2222 praefationes
1012 2133 1206 2227 notitiaeque

132 2245 325 2342 complures
338 2270 407 2313 non
421 2242 586 2313 vestibulo
602 2257 733 2311 tanturn
744 2242 950 2335 decorando,
968 2244 1025 2311 sed
1039 2245 1206 2316 illustran-

134 2364 176 2430 do
189 2360 333 2430 aedilicio
347 2359 558 2440 necessariae,
569 2373 729 2451 tanquam
743 2359 777 2426 in
793 2357 945 2452 ingressu
959 2382 997 2426 ac
1013 2357 1127 2428 limine
1140 2360 1208 2432 col·

134 2477 250 2545 locatae
261 2489 352 2543 sunt.
369 2473 528 2566 Sequitur
541 2469 641 2540 Plinii
656 2474 759 2566 ipsius
777 2471 944 2565 praelatio,
961 2474 1090 2565 primus
1105 2473 1207 2563 liber,

135 2594 204 2660 sive
223 2589 409 2674 Elcnclrus‚
434 2587 593 2679 adjuncto
612 2587 669 2679 qui
689 2586 732 2653 ad
758 2610 834 2653 eum
854 2587 1000 2678 pertinet
1020 2591 1208 2658 Auctorum

136 2704 316 2800 Catalogo‚
335 2717 367 2772 et
386 2700 565 2785 secundus,
581 2701 697 2786 idest,
716 2697 868 2766 Pliniana
878 2698 1111 2794 Cosmologia,
1130 2727 1207 2771 curn

136 2820 271 2889 erudita
296 2818 337 2886 de
361 2816 509 2910 antiquis
536 2829 713 2884 ventorum
735 2813 928 2882 nominibus
957 2813 1209 2907 disputatione,

139 2960 241 3028 quarn
271 2959 333 3027 pro
355 2956 414 3000 sua
444 2931 576 3024 egregia
608 2929 643 2997 in
668 2954 721 2997 me
751 2926 923 2996 voluntate
950 2931 1209 3000 communicavit

139 3050 272 3118 doctiss.
293 3061 327 3116 et
344 3044 580 3116 celeberrimus
597 3047 808 3127 Cosmum,
827 3042 981 3113 Academ.
1003 3048 1157 3139 Inscript.
1177 3061 1210 3115 et

141 3167 219 3233 Litt.
242 3161 344 3258 (Vide
358 3160 401 3229 ad
418 3157 542 3228 calcem
557 3158 657 3250 hujus
668 3158 781 3237 Tomi,
801 3182 834 3251 p.
857 3157 958 3252 471.)

187 3283 261 3349 Nec
281 3275 370 3345 solus
392 3272 447 3342 ille
465 3275 611 3366 incoepto
627 3285 742 3341 nostro
757 3271 862 3355 favet,
876 3270 1138 3367 auxiliaturque;
1153 3274 1211 3344 sed

113 3466 118 3475 ,
142 3407 262 3486 praeter
280 3389 355 3459 illos
376 3389 433 3482 qui
453 3384 629 3480 specialem
650 3385 729 3455 huic
745 3385 885 3454 editioni
902 3409 1038 3480 operam
1057 3388 1211 3457 condixe-
1267 3410 1271 3421 ·

143 3524 247 3592 mm,
269 3504 326 3574 alii
350 3504 502 3572 doctrina
527 3503 672 3594 insignes
696 3501 760 3569 viri
785 3501 1031 3570 dissertationes
1053 3527 1146 3585 suaa,
1168 3503 1212 3572 ad

143 3623 290 3692 Plinium
312 3616 545 3688 illustrandum
573 3614 686 3701 utiles,
712 3616 747 3682 in
768 3614 898 3710 singula
918 3640 1012 3709 paene
1040 3615 1212 3685 volumina

145 3737 391 3831 promiserunt3
406 3756 467 3800 nec
487 3729 648 3797 invidebit
663 3753 741 3797 suos
754 3727 797 3796 ad
811 3726 958 3797 Plinium
972 3727 1100 3798 labores
1110 3731 1161 3798 vir
1176 3731 1211 3797 in

146 3852 302 3921 omnibus
321 3872 397 3942 quae
414 3845 526 3939 attigit
551 3843 693 3926 studiis,
720 3844 831 3912 verius
849 3843 957 3911 dicam
977 3844 1012 3912 in
1032 3843 1125 3913 nullo
1144 3868 1213 3912 non

83 3946 91 4035 l.
147 3964 343 4036 eruditionis
361 3984 482 4056 genere
505 3960 680 4053 princeps,
695 3958 836 4028 Carolus
853 3962 995 4028 Cuvrnn.

965 4125 1002 4194 a²
