2664 4800
194 377 325 422 xxxvrn
380 354 447 419 EX
474 353 734 421 BROTERll
762 350 1095 422 PRAEFATIONE

195 511 269 573 nes,
289 484 473 553 litterarum
492 509 663 578 nunquam
677 486 868 571 immemor,
882 483 984 552 immo
1004 483 1051 551 eis
1068 482 1272 570 deditus,ne

194 616 300 660 unum
319 589 452 683 quidem
470 589 605 660 effluere
628 590 756 660 sinebat
777 591 937 684 temporis
959 604 1185 673 momentum,
1203 614 1272 683 quo

195 722 265 767 non
277 695 399 790 aliquid
409 693 463 763 vel
479 694 621 791 legeret,
635 696 689 765 vel
708 697 851 783 audiret,
864 694 918 765 vel
934 695 1108 780 scriberet,
1122 693 1175 763 vel
1189 721 1273 765 eno·

195 817 282 872 taret
292 801 313 872 ¹.
329 799 392 870 Illa
411 801 534 872 sciendi
558 802 714 873 aviditate
737 804 771 873 in
790 817 916 872 tantam
939 791 1062 871 molem
1083 802 1273 895 famamque

198 933 375 977 excrevere
394 908 465 997 ejus
486 907 675 979 adversaria
690 899 739 1004 (E
740 911 902 980 lectorum
917 905 1196 979 commentarios¹
1209 932 1274 1002 ap-

197 1003 371 1110 pellabat),
381 1030 418 1083 ut
429 1017 608 1085 eaLartius
617 1017 765 1086 Licinius
782 1038 868 1086 cccc
885 1013 1030 1083 millibus
1045 1040 1275 1101 nummorum,

202 1123 350 1191 Gallicae
358 1137 504 1190 monetae
517 1121 613 1192 libris
628 1122 713 1218 77,ss
723 1147 735 1192 1
746 1107 794 1211 2³,
801 1123 835 1190 in
853 1121 1012 1215 Hispania
1030 1146 1141 1191 emere
1158 1146 1277 1216 percu·

198 1242 304 1323 peret.
318 1229 362 1296 At
384 1241 503 1296 caetera
519 1229 630 1297 omnia
646 1231 712 1298 sint
731 1253 814 1297 auro
831 1225 970 1296 venalia.
983 1226 1111 1297 Venale
1139 1252 1208 1299 non
1225 1240 1278 1296 est

200 1334 389 1428 ingenium5
408 1358 578 1428 unumque
592 1334 760 1404 loctunam
778 1335 1009 1429 supereminet

200 1605 312 1677 junctas
331 1606 413 1660 luisse
428 1606 607 1660 ostendam...
626 1607 725 1660 Strabo
740 1606 775 1660 ad
791 1624 849 1658 rem
865 1616 984 1660 nostram
998 1616 1153 1678 opportune
1168 1605 1281 1669 scribit,

204 1685 255 1739 lib.
270 1688 326 1751 111,
339 1703 400 1757 pag.
417 1683 487 1751 115,
501 1687 530 1739 in
543 1687 672 1758 Hispania
685 1704 735 1739 suo
749 1703 862 1757 quoque
875 1704 931 1739 aevo
944 1696 1134 1758 procuratores
1147 1685 1281 1757 equestris

206 1765 313 1819 ordinis
327 1766 473 1829 exstitisse,
485 1766 534 1836 qui
557 1764 688 1819 militibus
703 1766 847 1838 pecuniam
860 1766 895 1819 ad
909 1767 969 1819 vitae
982 1767 1166 1818 necessitatem
1181 1782 1282 1837 suppe-

207 1843 341 1898 ditabant.
352 1848 520 1898 nzzzoa...
529 1846 612 1898 Initio
623 1846 735 1917 quidem
749 1845 784 1898 ad
795 1847 898 1917 privata
908 1845 1041 1898 duntaxat
1053 1845 1164 1898 Caesaris
1174 1845 1285 1914 negotia

206 1924 363 1997 pertinebat
374 1924 426 1978 boe
441 1942 555 1989 munus,
569 1943 602 1978 ex
613 1926 700 1979 Taciti
715 1925 811 1979 Annal.
822 1928 872 1994 IV,
884 1922 934 1990 15,
943 1923 1095 1978 affirmante
1108 1924 1147 1977 ibi
1160 1923 1284 1988 Tiberio,

208 2022 239 2058 ae
253 2004 359 2057 Lucilio
374 2005 442 2057 Asiae
457 2006 628 2075 procuratori
638 1996 684 2076 jus
698 2022 752 2058 non
767 2003 887 2070 dedisse,
902 2005 962 2058 nisi
973 2004 1004 2057 ira
1023 2002 1137 2058 seruitia
1151 2014 1179 2058 et
1193 2021 1285 2076 pecu·

209 2081 279 2137 nias
285 2080 464 2155 forniliares.
474 2086 569 2137 Postea
582 2103 646 2138 vcro
658 2085 789 2138 Claudius
800 2083 1034 2137 senatusconsulto
1047 2085 1131 2147 cavit,
1146 2084 1213 2137 ibid.
1221 2085 1286 2148 XII,

210 2161 266 2230 60,
280 2180 390 2235 nparem
403 2165 455 2216 vim
470 2181 562 2216 rerum
579 2163 731 2217 habendam
747 2182 762 2217 a
777 2164 1001 2236 procuratoribus
1014 2164 1070 2218 suis
1082 2162 1287 2235 judicatarum,

210 2259 244 2294 ac
258 2241 280 2295 si
294 2242 352 2314 ipse
366 2243 534 2309 statuisset,1›
549 2245 653 2296 inuersa
666 2241 724 2314 jam
741 2245 816 2297 omni
830 2261 924 2297 rerum
935 2244 1039 2297 ratione
1052 2262 1059 2296 :
1072 2244 1111 2296 sic
1124 2244 1197 2296 enirn
1210 2242 1288 2296 lisca·

209 2319 252 2374 les
266 2321 389 2377 homines
398 2321 510 2393 judiciis
523 2324 659 2395 praepositi
673 2334 738 2376 sunt
748 2363 756 2388 ,
768 2342 839 2395 quos
851 2335 943 2395 postea
954 2322 1066 2376 difficile
1079 2321 1156 2376 luita
1169 2322 1289 2395 publicis

213 2401 417 2472 magistratibus
433 2402 614 2471 distinguerc;
630 2420 788 2474 quanquam
809 2421 866 2456 nou
882 2403 910 2456 in
932 2402 1060 2457 omnibus
1082 2402 1230 2474 provinciis
1250 2403 1289 2455 ita

212 2482 393 2534 constitutum
409 2480 491 2534 luisse
510 2481 685 2552 crediderim,
699 2482 746 2536 sed
764 2484 793 2536 in
808 2483 961 2536 minoribus
974 2493 1094 2550 tantum,
1107 2494 1135 2535 et
1148 2500 1210 2553 quae
1223 2498 1291 2553 prat-

214 2559 322 2614 sidibus
339 2571 471 2614 carerent.
487 2561 558 2614 Vide
576 2562 661 2634 Lipsii
675 2565 828 2617 Excursom
845 2562 880 2616 ad
888 2563 975 2618 Taciti
990 2572 1109 2615 nostram
1124 2562 1289 2626 editionem,

213 2650 283 2695 tom.
294 2642 343 2706 IV,
353 2658 413 2713 pag.
425 2638 488 2707 504.
500 2643 634 2696 Caeterum
649 2642 759 2696 militari
771 2643 887 2715 imperio
899 2642 1016 2696 caruisse
1028 2640 1088 2695 illos
1099 2643 1163 2695 satis
1175 2650 1292 2706 constat,

214 2720 269 2774 nisi
284 2722 360 2791 quod
376 2719 487 2773 sortasse
503 2721 718 2793 provincialibus
731 2721 861 2794 praesidiis
877 2721 912 2774 ad
924 2720 1052 2775 tuendam
1066 2720 1201 2791 publicam
1213 2720 1293 2790 quie·

214 2809 271 2853 tem
281 2811 329 2853 aut
334 2798 503 2870 judiciorum
514 2801 750 2872 exsequendorum
761 2819 842 2855 causa
850 2801 1006 2854 utebantur.
1017 2802 1197 2854 Reazonicum
1208 2800 1293 2868 igitur

214 2880 246 2932 in
264 2878 317 2932 hoc
329 2896 442 2932 munere
455 2879 610 2934 extollendo
624 2882 738 2935 nimium
755 2880 838 2934 luisse
850 2880 978 2934 arbitror.
991 2878 1132 2933 Libentius
1146 2880 1184 2933 illi
1199 2896 1295 2931 assen-

215 2958 272 3012 tior
290 2958 354 3011 satis
367 2958 555 3030 probabilibus
569 2961 735 3032 argumentis
748 2959 902 3029 colligenti,
917 2960 1128 3013 Tarraconensis
1140 2960 1294 3030 Hispaniae,

216 3037 248 3091 in
263 3053 318 3107 qua
336 3039 480 3092 Laeetania
499 3050 556 3105 eat,
577 3051 783 3112 procuratorem
800 3038 883 3092 fuisse
899 3049 1042 3104 nostrum,
1056 3056 1112 3092 non
1127 3039 1249 3102 Baeticae,
1262 3049 1296 3091 ut

218 3115 383 3188 quibusdam
396 3118 506 3189 placuit.
518 3122 559 3172 De
574 3120 703 3193 Hispania
716 3130 788 3172 certe
801 3119 976 3172 consentiunt
991 3119 1127 3187 Caecilius,
1139 3117 1247 3190 epistol.
1257 3116 1295 3170 ad

216 3195 357 3264 Macrum,
369 3207 396 3250 et
411 3198 569 3264 Suetonius,
585 3198 627 3252 vel
641 3200 809 3270 quicumque
822 3198 892 3252 alius
904 3197 1012 3251 brevem
1024 3198 1116 3251 Nostri
1125 3199 1207 3251 vitam
1221 3197 1296 3250 anti-

218 3276 314 3346 quitus
333 3277 513 3332 concinnavit.
530 3279 690 3350 Equestrem
711 3278 794 3332 baisse
814 3276 898 3349 hujus
914 3277 998 3331 officii
1015 3276 1188 3348 dignitatem,
1201 3287 1298 3330 monet

220 3357 292 3409 inter
306 3367 415 3410 caeteros
424 3358 548 3423 Tacitus,
558 3359 690 3428 Agricola
702 3359 782 3424 Vita,
795 3376 855 3430 cap.
871 3359 919 3411 tv,
935 3360 988 3415 En.

264 3453 289 3490 r.
306 3438 411 3490 Cuncta
422 3455 454 3490 ex
466 3436 547 3491 Plinii
561 3438 660 3491 Caecilii
674 3437 787 3510 epistola
798 3439 833 3492 ad
845 3440 977 3492 Macrum.
993 3439 1047 3490 En.

260 3531 287 3568 a.
309 3516 394 3570 Rudis
414 3515 522 3570 videtur
535 3527 563 3570 et
580 3516 711 3588 indigesta
728 3517 810 3572 luisse
825 3528 1016 3590 excerptorum
1028 3515 1121 3578 moles,
1139 3525 1167 3568 et
1183 3516 1297 3569 materia

220 3594 404 3666 potiusquam
419 3596 582 3661 aedilicium
599 3598 746 3651 excrevisse
762 3598 838 3651 novis
848 3615 955 3669 semper
966 3594 1186 3650 annotationibus
1200 3605 1297 3648 auctos

216 3691 268 3744 per
284 3685 365 3728 totam
381 3676 461 3729 Plinii
479 3676 558 3728 vitam
575 3675 624 3730 bos
637 3677 860 3743 commentarios,
877 3687 904 3730 et
918 3677 1063 3749 plusquam
1078 3693 1134 3729 ccx
1149 3674 1233 3727 libros
1245 3676 1298 3727 im-

215 3752 304 3824 plesse
318 3754 398 3808 docet
411 3752 538 3810 Caecilius
550 3755 612 3810 loco
625 3759 722 3823 citato;
739 3776 790 3811 nec
803 3756 947 3813 verisimile
964 3767 1005 3810 est
1025 3772 1147 3826 uuquam
1162 3755 1191 3807 in
1206 3753 1297 3807 lucem

216 3833 359 3906 prodiisse.
382 3838 435 3888 En.
643 3898 647 3909 Ι

256 3911 284 3971 3.
296 3915 383 3967 Immo
393 3915 485 3985 potius
496 3912 601 3987 66,17o
616 3917 650 3971 lr.
665 3937 698 3971 ex
708 3918 840 3972 accuratis
851 3915 999 3970 doctissimi
1010 3918 1169 3969 Larnormn
1181 3913 1296 3981 tabulis,

213 4011 280 4065 quas
292 3991 388 4048 ultimo
401 3995 470 4050 Livii
483 3998 570 4050 nostri
585 4009 671 4065 tomo,
683 4017 711 4071 p.
725 3997 795 4062 113,
815 4014 865 4068 pro
878 4014 928 4051 sua
941 3996 1106 4067 benignitate
1117 3991 1225 4063 adjecit.
1240 3994 1296 4047 En.
