2664 4800
468 362 729 431 PRAEFATIO.
1056 388 1133 434 xxm

69 494 183 578 ct,vel
194 494 344 565 dictante
360 494 538 588 proverbio
548 548 558 578 ‚
570 499 658 586 Qum
667 495 818 579 dubites,
839 519 883 563 ne
894 493 1049 584 seceris:
1066 523 1136 566 mn·

68 605 215 672 uerimus
228 616 341 670 tamen
357 599 391 669 id
404 601 547 696 ingenue
560 601 775 696 profiteri,nc
790 603 899 670 minus
911 599 1062 671 collidiin
1075 628 1136 672 nos

62 710 401 802 existimationemque
412 723 578 795 nostram,
590 709 765 802 minusque
779 709 877 803 astuti
892 705 1015 792 videri,
1035 733 1136 803 quam

61 818 169 883 minus
185 815 320 908 ingenui
336 837 375 881 ac
399 813 574 907 simplices.

111 923 252 1009 Quanta
267 917 483 988 nihilominus
501 921 548 988 rei
564 918 730 988 litteraris
747 945 787 987 ex
802 919 893 988 hisoe
909 921 1029 989 nostris
1044 919 1136 990 lucu·

62 1026 270 1095 brationibus
293 1022 418 1093 utilitas
435 1049 608 1094 accessura
624 1026 682 1110 sit,
698 1024 769 1093 aliis
787 1025 1014 1096 estimandum
1033 1026 1137 1096 relin-

60 1135 212 1227 quimus:
227 1144 353 1226 quantn
371 1155 452 1198 vero
464 1156 505 1199 ex
519 1130 585 1201 hoc
598 1129 756 1225 singulari
773 1156 892 1225 opere,
908 1157 997 1200 nunc
1013 1131 1138 1202 scilicet

61 1240 101 1307 ad
115 1239 275 1307 amussim
288 1236 465 1305 emendato
478 1238 720 1331 castigatoque,
736 1235 960 1306 emolumenta
973 1239 1137 1332 speranda

61 1348 149 1432 sint,
174 1345 285 1414 fecere
303 1343 502 1436 jampridem
521 1343 684 1436 judicium
708 1343 826 1412 eruditi
852 1344 923 1411 siri.
943 1347 985 1412 ln
1007 1344 1138 1415 infinita

61 1475 165 1545 prope
182 1444 335 1520 veterum
353 1447 511 1519 librorum
534 1475 602 1517 non
621 1450 769 1543 jactura,
787 1448 845 1517 sed
861 1449 1053 1545 naufragio,
1067 1477 1137 1522 non

61 1557 174 1640 clade,
194 1555 255 1625 sed
271 1556 426 1639 interitu,
445 1556 553 1625 «Non
578 1579 692 1623 sumus
713 1555 850 1623 omnino
864 1558 991 1649 superis
1012 1558 1136 1645 odiosi,

62 1662 232 1757 inquiebat
246 1660 325 1730 olim
339 1659 538 1730 Hermolaus
552 1661 594 1729 ad
610 1662 723 1763 Picum
741 1659 937 1730 Mirandulae
954 1665 1138 1751 Comitem,

61 1768 196 1863 quando
210 1781 376 1863 superstes
390 1781 441 1836 est
456 1765 592 1836 Plinius.
616 1769 786 1836 sustentat
801 1765 855 1835 ille
873 1792 935 1836 nos
956 1783 1137 1864 utcumque

64 1875 218 1962 mutilus,
233 1873 443 1960 decurtatus,
459 1872 556 1941 lacer.
572 1874 641 1942 Nisi
658 1886 815 1960 exstaret,
830 1886 940 1942 actum
952 1890 1049 1960 essct,
1066 1866 1137 1946 tun·

62 1981 215 2052 deremus
234 2004 353 2075 aquam
370 2005 503 2050 omnes:
519 1981 546 2047 si
560 1979 692 2063 eadem,
705 2003 780 2073 quae
794 1994 946 2065 ceteros,
962 1981 1137 2052 ademisset

63 2113 136 2157 eum
157 2087 259 2157 nohis
277 2085 464 2172 calamitas,
482 2085 657 2181 profligata
686 2110 761 2179 spes
781 2087 890 2154 omnis
906 2101 993 2157 esset
1011 2090 1137 2159 Latiuae

64 2197 107 2264 rei
123 2194 378 2264 constituenda.
390 2196 489 2264 Nunc
510 2217 551 2261 eo
573 2191 677 2276 duce,
698 2215 887 2285 quanquam
903 2195 1084 2263 semianimi
1103 2210 1138 2266 et

63 2302 241 2395 exsangui,
257 2300 464 2368 vivimustet
485 2299 548 2367 nisi
570 2299 640 2392 ipse
663 2297 744 2366 mihi
763 2296 930 2384 blandior,
951 2300 1081 2370 videtur
1101 2303 1137 2372 iu

63 2406 130 2476 dies
153 2405 341 2502 proficere,
367 2404 508 2475 habetur
528 2407 562 2473 in
588 2404 759 2489 manibus,
781 2402 985 2491 celebratur,
1005 2405 1135 2478 colitur.

64 2515 231 2583 Censetur
249 2511 420 2598 indoctus,
440 2513 497 2605 qui
513 2511 657 2581 Plinium
678 2535 746 2578 non
768 2508 847 2604 legit
863 2536 870 2576 :
887 2511 1067 2598 indoctior,
1081 2516 1138 2608 qui

64 2618 187 2688 lectum
203 2620 402 2687 contemnit:
414 2617 668 2701 indoctissimus,
686 2617 740 2684 cui
753 2640 820 2683 non
834 2619 928 2709 sapit.
944 2618 1053 2686 Debet
1065 2633 1137 2688 aeta·

64 2727 87 2793 ti
104 2741 232 2794 nostrae
248 2722 339 2818 plus,
357 2747 457 2817 quam
475 2748 557 2810 suae,
573 2722 718 2791 Plinius:
733 2719 792 2789 sed
808 2747 869 2790 nos
887 2722 916 2789 ei
936 2725 1061 2818 magis,
1079 2728 1137 2819 qui

66 2856 122 2925 per
137 2830 236 2900 illum
254 2831 395 2899 maxime
409 2829 625 2899 subsistimus.
642 2827 705 2897 Alii
720 2852 792 2896 rem
804 2828 956 2896 Latinam
967 2830 1137 2922 juverunt,

65 2937 116 3006 ille
131 2940 205 3033 ipse
220 2937 316 3006 nobis
335 2951 386 3005 est
399 2937 541 3005 Latium.
556 2965 573 3000 n
590 2936 690 3029 Atqui
711 2934 745 3003 id
766 2959 807 3002 eo
826 2959 898 3003 aevo
916 2938 1138 3029 pronunciare

66 3046 91 3112 si
110 3068 191 3113 vere
209 3042 320 3128 licuit,
342 3043 369 3112 si
391 3044 425 3111 in
448 3067 516 3111 uno
537 3042 602 3110 hoc
629 3040 713 3110 libro
744 3043 872 3109 Latinae
896 3043 942 3109 rei
964 3044 1083 3138 puppis
1105 3059 1140 3114 et

66 3174 167 3245 pnorn
183 3151 308 3218 versari
325 3151 443 3217 merito
461 3151 644 3217 existimata
665 3162 731 3233 est,
752 3172 854 3241 quum
870 3162 921 3216 tot
933 3147 1042 3218 adhuc
1056 3149 1139 3219 sale·

65 3257 133 3326 bris
155 3257 329 3340 horreret,
346 3269 396 3325 tot
420 3255 546 3323 mendis
566 3268 720 3333 scateret,
742 3278 798 3322 seu
821 3254 932 3322 verius
959 3260 1137 3326 monstris:

66 3363 144 3458 quid
163 3364 206 3431 iis
225 3360 362 3430 feliciter
381 3361 582 3455 profligatis,
606 3360 685 3455 quid
706 3359 838 3428 deterso
861 3385 902 3428 eo
920 3385 1039 3454 opere,
1058 3387 1139 3456 per·

65 3483 277 3564 purgatoque
293 3469 380 3562 jam,
397 3468 444 3536 uti
463 3466 680 3549 confidimus,
698 3490 737 3535 ac
755 3465 1055 3560 resplendescente,
1069 3494 1141 3537 sen·

67 3574 231 3661 tiendum,
250 3588 309 3642 aut
328 3573 408 3669 quid
425 3575 562 3643 omnino
578 3597 646 3640 non
664 3571 866 3665 sperandum
886 3573 1061 3666 putemus?

117 3685 180 3751 Est
193 3682 304 3775 operis
317 3695 407 3749 certe
422 3705 482 3775 per
500 3706 534 3749 se
554 3681 654 3773 ipsius
668 3679 850 3772 susceptio,
866 3677 1052 3772 dispositio,
1066 3706 1141 3750 con·

66 3790 306 3881 formatioque,
328 3787 462 3882 grandis
490 3802 525 3855 et
548 3786 678 3880 capacis
705 3786 826 3878 ingenii
850 3810 958 3878 opus:
979 3785 1077 3880 idque
1100 3812 1140 3855 eo

65 3894 223 3990 grandius
242 3909 276 3964 et
293 3892 558 3988 magnificentius
577 3892 755 3960 existimari
774 3915 835 3985 par
848 3905 917 3979 cst,
939 3891 1029 3985 quod
1042 3918 1141 3961 nemo

66 4025 211 4096 unquam
234 4001 382 4070 exomni
399 4024 471 4069 aevo
489 4014 608 4094 prtcter
632 4023 708 4067 curu
726 4013 875 4091 repertus
896 4013 962 4081 est,
984 4023 1027 4066 ne
1053 3998 1143 4092 apud
