2664 4800
208 364 288 409 xxtv
609 343 857 411 HARDUIN
866 345 881 409 1

208 474 259 542 bis
275 471 364 543 mille
380 471 523 567 amplius
540 475 669 543 anobis
682 471 812 543 sublata
827 473 965 568 flagitia,
983 488 1120 569 propter
1131 500 1205 568 quse
1218 478 1282 546 exi·

208 581 312 647 mium
326 604 411 673 opus
429 604 496 649 non
514 581 628 673 pauci,
644 596 802 673 tanquam
820 581 1033 664 senticetum,
1048 594 1106 649 aut
1123 581 1281 676 pestilens

210 684 456 779 lemuribusque
474 685 597 754 inferne
607 685 821 769 domicilium,
834 685 1038 754 devitabunt.
1050 689 1178 755 Horum
1196 714 1280 783 proe·

211 793 309 884 cipue
325 805 395 859 turn
414 816 455 860 ex
471 816 588 861 eorum
603 790 726 861 lndice¹
739 790 915 885 intelliges,
929 807 1000 861 tum
1015 815 1057 860 ex
1067 794 1281 863 Emendatio·

210 897 308 966 nibus
328 897 571 991 fusioribusque
587 888 708 982 Noni,
723 921 805 991 quas
824 899 972 991 Lipsium
996 899 1141 980 imitatus
1163 899 1205 968 ad
1222 903 1283 971 Ta·

210 1004 331 1091 citum,
348 1004 382 1071 in
400 1002 523 1073 calcem
550 1005 710 1098 cujusque
730 1001 805 1071 libri
830 1003 976 1097 conjeci,
996 1004 1053 1072 ubi
1075 1002 1179 1098 plenis
1199 1005 1282 1076 velis

211 1122 326 1177 vectus
347 1111 460 1178 omnia
480 1110 576 1179 latius
593 1110 801 1202 inflatiusque
818 1133 1035 1203 exponerem,
1052 1124 1225 1206 totosque,
1243 1126 1284 1183 ut

210 1216 256 1283 ite
269 1214 396 1298 dicam,
413 1215 570 1285 rudentes
584 1215 741 1302 laxarem,
755 1239 795 1283 uc
810 1214 894 1309 stylo
911 1214 1044 1284 liberius
1063 1216 1289 1312 indulgerem

210 1320 312 1410 Quod
336 1322 370 1390 in
389 1321 499 1391 multis
521 1321 593 1391 lieri
615 1321 677 1391 fuir
691 1345 846 1390 necesse:
866 1344 943 1390 nam
964 1335 998 1390 et
1012 1321 1283 1399 emendationum

211 1429 295 1496 ratio
306 1425 456 1522 pluribus
471 1428 579 1496 verbis
593 1427 776 1515 reddenda,
790 1441 825 1495 et
836 1425 1066 1497 altercationes
1079 1427 1284 1515 dirimendas,

211 1547 247 1602 et
272 1533 443 1602 innumera
473 1535 605 1603 uberius
629 1532 848 1628 explicanda,
872 1557 946 1626 quae
972 1532 1025 1602 vel
1052 1533 1283 1605 difficultatem

90 1650 96 1663 '
213 1638 390 1726 haberent,
399 1642 451 1708 el
462 1641 653 1709 novitatem
664 1637 844 1708 Furtsllud
835 1653 966 1707 mterun
976 1638 1151 1738 srmplrcrs
1142 1665 1284 1735 mgemr,

212 1744 302 1840 quod
319 1692 439 1815 merida
460 1745 604 1815 multa'
579 1771 649 1815 srne
669 1744 738 1814 ullo
761 1745 937 1814 verborum
957 1745 1033 1815 fisco
1048 1744 1285 1840 expunximus,

212 1851 330 1945 procul
351 1854 442 1921 omni
457 1876 580 1947 pompe
600 1876 639 1921 ac
657 1836 903 1921 venditatione³
906 1904 916 1939 ,
935 1852 1181 1972 prefationibus
1199 1874 1286 1922 sum·

213 1958 312 2026 motis
334 1958 487 2027 omnibus
501 1956 801 2051 ,dissimulatoque
827 1958 926 2026 etiam
951 1959 985 2026 in
1003 1957 1179 2052 plexisque
1184 1959 1286 2027 rebus

214 2063 418 2133 inveniendis
436 2011 566 2149 labrire,
582 2089 624 2133 ne
641 2064 754 2132 mirari
771 2077 882 2131 nostre
898 2063 1109 2153 videremur,
1122 2087 1162 2132 ae
1177 2062 1289 2174 legem

202 2182 281 2261 ¹tem
302 2169 484 2265 defetigere
501 2171 610 2265 prius,
626 2194 726 2263 quarn
749 2192 911 2263 pascere:

375 2365 398 2411 Α
414 2361 510 2413 nostris
519 2362 615 2434 procul
630 2373 669 2414 est
681 2360 768 2413 omnis
783 2361 868 2414 vesica
880 2359 992 2413 libellis:

385 2480 388 2485 ·
452 2455 529 2509 Musa
543 2473 593 2507 nee
606 2455 698 2507 insano
711 2467 825 2524 syrmate
841 2468 928 2507 nostra
943 2455 1056 2509 tumetl.

265 2613 401 2683 iuvabit
425 2614 557 2694 interim
585 2615 784 2709 scriptorum
807 2625 958 2682 veterum
984 2611 1104 2682 urenda
1122 2611 1285 2708 plurima,

214 2744 286 2816 quae
299 2744 359 2788 nos
372 2721 471 2814 primi
485 2718 692 2804 sustulimus,
706 2719 970 2788 animadvertere
979 2744 987 2786 ε
996 2720 1176 2787 recentium
1191 2744 1286 2806 vero,

213 2827 270 2920 qui
294 2825 336 2894 de
353 2822 418 2897 situ
434 2841 598 2895 terrarum
617 2820 863 2920 (Geographos
884 2817 1085 2919 appellunt),
1102 2825 1225 2919 quique
1242 2824 1286 2895 de

213 2929 422 3024 animalium,
433 2933 586 3026 piscium,
596 2932 773 3025 aviumque
784 2945 915 3017 natura,
923 2944 957 2999 et
966 2931 1024 3027 qui
1034 2930 1075 2999 de
1084 2956 1120 2999 re
1130 2930 1286 3000 herbaria

213 3035 599 3131 medicoque,voluminu
616 3038 988 3124 concinnarunt,errata
1000 3060 1068 3105 non
1078 3060 1199 3131 pauca,
1209 3061 1286 3130 quae

212 3168 275 3213 nos
289 3142 522 3231 indicabimus,
536 3142 728 3238 intelligere.
741 3144 858 3237 Neque
871 3144 959 3211 enim
972 3166 1033 3212 nos
1046 3141 1229 3225 diffitemur
1241 3143 1285 3212 ab

215 3248 361 3337 Ortelio,
374 3248 564 3338 Holstenio,
576 3248 789 3333 Aldrovando
799 3303 809 3337 ,
818 3247 982 3336 Bellonio,
996 3247 1177 3342 aliisque,a
1192 3250 1286 3318 Lexi-

255 3449 281 3484 ι.
294 3430 441 3485 Omisimus
452 3432 539 3501 illum,
547 3444 576 3484 ut
587 3431 723 3494 inutilem,
736 3447 820 3502 quum
834 3439 980 3503 priscarum
993 3427 1142 3484 editionum
1156 3429 1285 3485 lectiones

213 3512 262 3564 sub
275 3511 422 3566 recentiore
436 3524 509 3565 textu
521 3522 643 3565 accurate
656 3509 832 3579 designemus.
845 3507 898 3563 En.

255 3611 282 3645 a.
293 3592 480 3664 Excerpaimus
493 3610 526 3645 ex
539 3592 572 3644 iis
587 3588 660 3662 quod
672 3590 756 3642 inesse
768 3588 854 3644 visum
867 3603 906 3645 est
918 3588 1030 3663 optimi,
1044 3588 1199 3661 caeterisque
1214 3589 1287 3644 notis

212 3670 380 3724 inseruimus.
391 3675 441 3723 En.

255 3750 281 3804 3.
301 3750 443 3815 erectam
461 3748 508 3804 sed
524 3761 551 3802 et
565 3746 749 3802 admonendus
763 3759 820 3804 erat
837 3751 932 3810 lector.
953 3762 979 3802 et
992 3749 1159 3802 auctoritates
1175 3747 1283 3819 produ·

212 3829 319 3883 cende:
331 3828 407 3901 quod
426 3830 522 3902 passim
538 3830 628 3882 omisit
642 3827 815 3895 lietduinus,
826 3848 875 3882 nos
891 3829 919 3882 in
933 3829 1025 3901 primis
1038 3846 1109 3882 curse
1122 3840 1219 3882 nostrae
1230 3827 1284 3882 du·

211 3909 306 3962 ximus.
320 3906 371 3961 En.

253 3994 279 4050 4.
296 3988 410 4041 Mardal.
424 3987 640 4061 lib.1V,Epigr.
657 3996 707 4058 49,
722 4008 738 4059 7
754 4000 845 4058 etseq.
