2664 4800
464 354 729 424 PRAEFATIO.
1077 380 1134 426 mu

61 489 179 572 ninus,
206 511 274 553 non
304 483 413 555 solnm
439 485 689 573 confitebimur,
711 484 769 554 sed
797 500 832 555 ct
860 487 1135 581 pra-dicabimus,

61 594 247 679 bominem,
261 605 298 659 ut
311 617 372 684 par
386 605 451 679 est,
467 617 543 661 cum
560 592 697 662 bonoris
711 592 902 686 prefatione
915 592 1132 688 appellantes:

61 715 159 792 atque
175 698 234 766 ubi
252 696 405 766 refellere
422 722 506 792 opus
521 699 601 783 erit,
620 699 652 767 id
669 697 759 766 salva
776 700 857 766 tanti
877 701 942 768 viri·
952 703 1134 770 reverentia

60 806 184 900 pariter
201 804 321 873 facturi
333 827 467 893 sumus,
483 829 569 898 saepe
587 807 687 874 etiam
708 829 750 872 ne
765 806 899 875 nomine
914 805 1046 899 quidem
1063 822 1133 877 tum

60 909 239 1007 appellato.

110 1017 317 1087 Posteriores
338 1015 439 1087 hasce
458 1013 618 1086 Pellicerii
638 1016 906 1102 observationes,
928 1017 1136 1113 marginales·

59 1148 124 1219 que
139 1121 221 1191 alias
235 1120 383 1215 ejusdem
403 1146 505 1191 manu
521 1124 661 1216 scriptas
681 1123 715 1191 in
735 1122 848 1192 decem
871 1125 997 1218 priores
1015 1124 1133 1207 libros,

61 1230 100 1299 dc
120 1228 246 1324 quibus
266 1227 401 1297 inferius
419 1228 539 1297 dicturi
558 1253 690 1313 sumus,
706 1229 788 1297 vidit
806 1229 989 1301 Nrconaus
1003 1232 1134 1301 Ricar-

60 1359 162 1422 rrus‚
183 1332 389 1427 selectosque
409 1359 449 1402 ex
473 1336 511 1403 iis
535 1334 794 1430 quamplurimas
817 1337 849 1402 in
872 1360 965 1404 oram
986 1334 1060 1405 libri
1084 1340 1139 1405 sui'

61 1442 255 1510 transvexit
272 1441 434 1533 Inspectae
453 1439 515 1510 illae
534 1456 612 1511 sunt
633 1442 721 1509 enim
740 1441 848 1510 obiter
866 1466 885 1509 a
905 1441 1000 1511 nobis
1016 1457 1050 1512 et
1065 1468 1138 1512 cm·-

61 1549 142 1633 sim,
160 1560 242 1616 ante
263 1568 369 1616 annos
393 1547 559 1640 quinque,
582 1547 669 1616 facta
696 1551 751 1616 vix
771 1548 842 1642 ejus
865 1546 938 1616 libri
963 1550 1055 1642 quasi
1076 1574 1135 1642 per

62 1669 278 1723 transennam
302 1652 496 1746 inspiciendi
520 1654 626 1748 copia.
642 1653 735 1722 Vidit
760 1669 795 1721 et
817 1653 1051 1742 baudolenus,
1078 1659 1133 1748 qui

63 1784 158 1829 suurn
179 1758 225 1828 de
247 1758 397 1828 Piscibus
418 1757 540 1828 librum
560 1784 601 1828 ex
621 1758 735 1828 iisdem
758 1760 1027 1829 annotationibus
1052 1786 1135 1830 con·

63 1866 224 1948 rimavit,
244 1864 385 1933 Tbuano
406 1879 506 1951 teste,
524 1863 609 1935 libro
625 1889 756 1934 xxxvrr.

114 1974 244 2041 Verum
265 1996 327 2040 nec
347 1972 482 2041 unicum
502 1970 581 2057 luit,
603 1996 665 2041 nec
687 1973 889 2067 precipuum
912 1974 948 2040 in
966 1972 1135 2042 codicibus

63 2080 156 2147 MSS.
183 2092 224 2147 ut
244 2078 417 2171 pristinam
438 2077 481 2146 ad
498 2079 641 2172 speciem
665 2080 872 2173 nitoremque
893 2077 990 2147 Plinii
1014 2081 1136 2173 scripta

63 2208 316 2270 revocaremus,
337 2183 519 2253 subsidium
545 2184 830 2279 praesidiumque:
855 2185 977 2253 nedum
1003 2185 1045 2253 ad
1069 2184 1136 2254 illn-

62 2290 249 2360 strandum.
263 2289 403 2360 Codices
416 2291 648 2385 manuscripti,
658 2292 727 2360 sive
737 2316 820 2384 quos
835 2292 896 2385 ipsi
911 2292 1136 2373 tractavimus,

62 2399 130 2466 sire
152 2394 245 2465 unde
264 2394 307 2465 ad
329 2421 390 2465 nos
409 2398 516 2466 missae
534 2411 612 2466 sunt
628 2399 727 2466 variae
745 2396 917 2482 lectiones,
936 2399 1044 2491 reipsa
1067 2423 1136 2465 non

62 2502 230 2572 excedunt
255 2525 361 2571 annos
388 2516 570 2572 sexcentos.
597 2505 636 2572 In
662 2503 713 2572 bis
735 2502 859 2572 malitia
879 2503 1136 2571 describentium

63 2624 151 2678 notae
169 2606 416 2703 chronologicae
437 2607 587 2703 plurimae
609 2623 687 2677 sunt
708 2623 894 2702 corrupta,
923 2633 984 2676 nec
1007 2632 1073 2674 una
1092 2633 1139 2675 ra·

63 2717 170 2798 tione,
191 2713 459 2784 dissentientibus
480 2717 566 2783 inter
589 2739 624 2784 se
647 2712 738 2783 velut
759 2740 797 2782 ex
827 2715 1014 2807 composito
1035 2738 1142 2782 esern-

63 2821 222 2916 plaribus.
246 2823 325 2891 Non
348 2820 450 2889 habet
471 2822 537 2891 hoc
556 2845 660 2915 opus,
680 2835 719 2888 ut
741 2819 804 2888 alia
826 2819 985 2914 plurima,
1006 2817 1139 2888 lacunas

63 2927 203 3022 elimans,
215 2951 289 3020 quae
297 2926 444 3021 suppleri
458 2926 600 2995 debeant
614 2927 804 3019 conjectura
819 2952 826 2993 :
841 2927 1007 3021 integrum
1021 2926 1063 2995 ad
1078 2952 1138 2994 nos

63 3033 219 3128 pervenit
242 3057 251 3100 τ
272 3057 333 3100 nee
353 3032 575 3117 detrabend0,
591 3032 648 3101 sed
669 3032 821 3101 addendo
839 3034 950 3127 potius
969 3031 1139 3126 quaedam,

63 3153 214 3234 grassata
231 3139 266 3206 in
284 3163 323 3206 eo
339 3138 611 3232 interpolatorum
627 3138 765 3208 audacia
782 3154 832 3207 est
848 3164 855 3204 :
873 3152 908 3206 at
922 3152 1000 3237 sunt
1013 3162 1052 3205 ea
1070 3163 1140 3233 per·

63 3269 188 3340 panca3
206 3258 241 3313 et
258 3268 277 3312 a
298 3244 393 3312 nobis
412 3245 545 3338 quidem
570 3258 628 3313 aut
649 3259 762 3338 aperte
781 3243 1084 3337 reprehendentur,
1106 3259 1139 3313 et

63 3354 164 3421 certis
184 3349 374 3445 rejicientur
386 3351 608 3446 argumentis,
626 3364 683 3419 aut
705 3349 902 3444 quibusdam
923 3351 1025 3442 signis
1040 3374 1141 3444 appo·

64 3460 135 3527 sitis
153 3482 227 3527 esse
247 3480 286 3526 ea
307 3471 430 3525 temere
448 3457 569 3526 inlarta
585 3456 778 3526 admonebit
796 3458 866 3551 ipse
884 3457 1043 3525 orationis
1064 3481 1140 3525 con-

64 3580 187 3635 textus.
1199 3647 1202 3654 ,

118 3667 314 3739 Evolvenda
336 3694 416 3738 vero
435 3669 527 3739 fuere
546 3668 716 3739 volumina
736 3685 907 3753 sexcenta,
929 3682 999 3736 tum
1015 3671 1143 3764 prisea,

64 3792 140 3845 tum
168 3776 330 3862 recentia,
357 3791 427 3844 tum
451 3778 569 3846 Graece
599 3778 738 3871 scripta,
764 3791 836 3844 tum
860 3776 977 3844 Latine
1002 3801 1009 3842 :
1035 3801 1143 3868 neque

65 3882 252 3951 evolvenda
279 3882 402 3967 solum,
424 3883 481 3952 sed
504 3898 537 3952 et
561 3882 734 3978 diligenter
758 3881 960 3951 conferenda
979 3880 1042 3950 alia
1067 3907 1144 3949 cum

66 3988 159 4078 aliis,
172 4014 249 4060 cum
271 3987 379 4059 Plinio
400 3989 528 4085 singula
545 4016 552 4057 :
572 4004 609 4058 nt
627 3990 680 4059 vel
698 3990 743 4059 sic
760 3991 888 4058 sincera
907 3989 971 4058 loci
990 3987 1144 4058 emenda-

955 4104 998 4186 b³
