2664 4800
371 361 411 429 C.
434 356 576 428 PLINII
593 360 701 429 vita
716 360 774 426 ET
788 358 984 428 SCRIPTA.
1118 384 1205 429 xxxv

125 497 208 568 lium
228 493 338 591 gloria
355 506 486 561 certant
506 493 777 560 Novocomenses
798 506 832 559 et
848 492 1058 561 veronenses
1075 518 1083 559 :
1102 493 1205 563 nobili

127 602 260 699 quidem
273 598 420 686 studio,
441 612 476 667 et
496 599 628 666 virtutis
649 596 819 691 laudisque
847 595 1054 667 aemulatione
1075 624 1206 695 semper

128 722 296 780 excusato.
321 712 367 774 At
392 728 496 800 quum
516 702 640 773 Plinius
664 706 735 799 ipse
753 701 923 774 Catullum
948 719 1206 777 conterraneum

129 842 226 887 suum
251 838 324 883 esse
344 811 507 898 fateatur,
529 809 720 904 antiquique
749 808 884 904 quidam
902 804 993 900 libri,
1012 838 1096 907 quos
1118 815 1206 882 inter

129 925 200 992 MS„
222 924 308 1014 Reg.
334 916 463 1003 6801,
499 940 621 985 nomen
647 917 753 986 Plinii
775 919 1202 1012 Veronensisjpraeferant,

130 1026 221 1097 nulla
234 1048 338 1122 penes
353 1022 501 1092 eruditos
512 1023 622 1106 viros,
637 1047 721 1117 quos
739 1023 884 1117 partium
896 1025 1024 1094 vanitas
1046 1050 1113 1094 non
1130 1051 1207 1095 exa·

131 1136 232 1228 gitat,
247 1131 391 1201 suboriri
408 1128 508 1198 debet
524 1126 733 1198 difficultas¹.
743 1128 874 1199 Primos
892 1132 1208 1224 pueritiaeacjuven·

132 1241 212 1308 totis
232 1261 340 1306 annos
360 1236 429 1330 egit
449 1260 509 1328 per
531 1232 619 1303 foeda
635 1233 776 1323 Tiberii,
791 1249 825 1304 et
842 1236 956 1306 insana
975 1238 1047 1308 Caii
1069 1240 1209 1313 Caesaris

131 1362 293 1440 tempora.
305 1341 405 1411 Haud
414 1339 533 1409 melior
550 1338 732 1435 effulgebat
750 1365 824 1435 spes
835 1342 896 1410 sub
905 1342 1046 1412 Claudio
1068 1343 1208 1436 hebete,

132 1449 350 1523 muliebribus
367 1463 425 1516 aut
445 1445 619 1516 servilibus
638 1448 795 1541 imperiis.
816 1450 856 1515 ln
870 1447 935 1518 hac
950 1463 1139 1545 temporum
1156 1478 1210 1522 ne-

132 1560 256 1653 quitia,
276 1553 431 1649 juvenilis
451 1555 600 1636 animus,
623 1552 764 1647 publicis
785 1555 989 1649 privatisque
1009 1559 1114 1643 vitiis,
1135 1585 1210 1653 quae

133 1667 166 1732 io
185 1663 272 1732 urbe
291 1664 327 1730 in
342 1684 407 1754 qua
424 1659 488 1728 fuit
502 1659 670 1728 institutus
692 1659 850 1728 continuo
868 1660 1150 1750 observabantur,
1165 1669 1212 1734 in·

133 1784 258 1855 tactus,
272 1768 306 1836 id
322 1767 462 1860 arripuit
475 1765 566 1859 quod
584 1765 747 1858 optimum
766 1781 957 1859 supererat,
979 1784 1152 1866 totumque
1174 1799 1210 1844 se

133 1877 233 1946 vertit
247 1873 291 1942 ad
305 1873 489 1941 litterarum
504 1871 621 1942 studia.
635 1874 688 1942 Ne
704 1871 777 1966 quis
791 1872 890 1941 etiam
905 1873 993 1944 foret
1004 1877 1073 1947 otio
1090 1878 1211 1967 aditus,

133 1982 321 2076 omnigenae
338 1978 531 2048 eruditionis
550 1980 804 2047 immensitatem
821 1979 991 2074 amplexus
1012 1998 1071 2052 est.

185 2091 241 2157 Eo
258 2100 371 2155 tamen
386 2086 529 2155 scientiae
549 2087 674 2180 impetu
693 2083 782 2154 haud
803 2087 970 2156 retardata
986 2091 1067 2159 civis
1087 2090 1210 2162 officia.

134 2195 206 2265 Ubi
217 2193 342 2262 militiae
359 2206 491 2285 tempus
504 2191 621 2278 alluit,
644 2193 677 2260 in
690 2190 890 2261 Germania¹
907 2195 952 2262 ita
964 2221 999 2264 se
1012 2198 1211 2294 approbavit

135 2425 253 2482 conditae
271 2439 414 2486 nccrxxv,
430 2423 571 2475 Fastorum
586 2419 688 2473 scilicet
702 2438 781 2475 aeram
803 2434 931 2478 secutus:
948 2443 998 2478 nos
1011 2427 1210 2483 Varronianam

135 2525 200 2561 enm
215 2503 369 2568 ilarduino,
383 2501 518 2566 Broterio,
535 2511 562 2553 et
574 2499 709 2553 editorum
723 2501 812 2572 vulgo,
827 2504 975 2573 sequimur.
989 2508 1120 2560 Ceterum
1133 2518 1210 2563 nata·

136 2584 260 2640 lisPlioii
277 2600 365 2636 annus
375 2578 531 2651 conjectura
543 2590 649 2632 tantum
667 2579 776 2633 elicitur
786 2599 820 2632 ex
833 2580 953 2651 ejusdem
968 2588 1106 2656 pereuntis
1120 2599 1211 2643 erate:

137 2666 206 2719 obiit
228 2663 305 2717 enim
332 2679 404 2714 anuo
423 2660 479 2712 Titi
505 2659 636 2731 principis
662 2660 765 2729 primo,
791 2676 840 2712 nvi
860 2677 946 2713 annos
974 2674 1072 2728 natus,
1096 2678 1208 2721 auctore

137 2746 239 2800 sororis
253 2743 324 2805 filio,
335 2742 384 2812 qui
399 2740 454 2794 sere
473 2739 547 2792 solus
565 2737 599 2791 de
612 2738 739 2791 avunculi
756 2738 810 2791 vita
827 2749 856 2792 et
869 2741 999 2811 operibus
1014 2743 1119 2814 aliquid
1142 2750 1209 2802 certi

138 2824 272 2897 protulit,
287 2820 395 2875 duabus
408 2819 461 2872 illis
475 2818 508 2871 ad
522 2821 645 2872 Macrum
657 2828 685 2870 et
700 2819 827 2872 Taciturn
839 2820 975 2891 epistolis,
987 2840 1055 2894 quas
1067 2825 1147 2880 odeas
1163 2846 1209 2882 ne·

137 2921 211 2958 oense
223 2912 267 2955 est
276 2902 348 2955 inter
358 2899 509 2953 testimonia
519 2901 658 2953 Veterum.
667 2899 718 2950 En.

178 3001 205 3037 ι.
227 2982 336 3035 Acriter
357 2978 462 3050 diuque
481 2979 604 3048 agitatam
624 2978 834 3031 controversiam
853 2979 962 3032 tandem
983 2982 1131 3054 aliquando
1144 3007 1210 3042 cou-

139 3065 282 3135 quiescere
302 3070 410 3130 tempus
429 3068 506 3111 esset.
523 3060 675 3110 Exeat-sum
690 3057 752 3110 vide
766 3057 801 3110 ad
815 3058 888 3112 buno
905 3057 1008 3126 locum,
1026 3081 1053 3134 p.
1069 3083 1143 3130 arvi,
1159 3069 1209 3122 ubi

140 3139 395 3198 Novocomeosibos
410 3138 523 3191 omnino
539 3136 740 3191 assentiendum
753 3154 810 3189 esse
825 3137 1079 3198 demonstrabimus.
1097 3148 1149 3201 Eo.

178 3240 208 3277 2.
222 3224 305 3274 Anno
321 3221 357 3272 U.
371 3220 401 3273 C.
414 3235 549 3281 nccxcrx,
560 3234 647 3288 quum
658 3233 744 3270 annos
755 3214 792 3270 23
806 3228 887 3270 natus
900 3231 969 3272 esset
981 3221 1094 3278 Plinius.
1105 3227 1213 3298 Stipen-

140 3303 185 3356 dia
203 3303 293 3373 prima
311 3316 369 3370 quo
382 3315 454 3351 anno
466 3296 558 3350 lecerit
575 3298 726 3364 incertum,
739 3313 895 3368 quanquam
915 3298 967 3350 sub
982 3301 1098 3356 Claudio
1109 3308 1213 3362 Caesare

141 3381 295 3436 necessario
318 3378 388 3432 iacta
408 3387 474 3430 suot
491 3395 499 3431 ε
516 3375 633 3448 paucula
649 3394 700 3429 nec
724 3376 864 3430 manifesta
887 3377 987 3431 indicia
1012 3382 1099 3437 multo
1121 3385 1214 3441 labore

141 3462 250 3530 collegit
262 3458 442 3520 licaoniam,
457 3455 558 3526 quibus
572 3456 691 3527 suspicio
700 3454 866 3522 lirinaretur,
881 3458 995 3529 primam
1007 3479 1116 3531 operam
1128 3468 1215 3521 navali

141 3541 292 3612 disciplinae
305 3537 412 3591 dedisse
432 3536 559 3590 Plinium.
579 3538 690 3589 Certum
702 3546 743 3588 est
763 3537 839 3589 illum
856 3538 882 3588 in
900 3538 1018 3591 Africam
1034 3544 1169 3612 navigasse
1182 3566 1217 3601 ex

142 3623 228 3694 ipsios
240 3619 343 3681 verbis,
357 3617 405 3670 lib.
418 3616 558 3687 V11‚eap.
576 3622 607 3681 [μ
619 3617 699 3688 «lpse
715 3616 743 3666 in
760 3616 850 3669 Africa
862 3616 945 3681 vidi3·
959 3630 985 3672 et
998 3619 1017 3672 l.
1031 3622 1111 3674 XVII
1117 3664 1124 3689 ,
1139 3644 1162 3679 c.
1179 3623 1216 3681 5:

144 3704 194 3755 dn
211 3698 341 3771 Byzantio
356 3696 491 3749 Africae...
504 3695 651 3749 vidimus.»
666 3695 750 3761 Quod
767 3706 856 3749 autem
870 3697 1024 3768 prodigium
1042 3701 1069 3753 in
1086 3703 1175 3758 Airioa
1188 3726 1217 3761 se

143 3780 240 3834 vidisse
250 3788 377 3840 testatur,
390 3776 499 3844 virginis
510 3776 537 3827 in
547 3775 636 3828 virum
648 3785 771 3840 mutatve,
781 3778 818 3828 Μ.
831 3776 939 3829 Vicinio
954 3789 981 3831 ot
990 3782 1023 3833 T.
1033 3782 1139 3837 Statilio
1148 3804 1218 3840 coss.

143 3858 274 3914 accidisse
295 3866 409 3910 testatur
423 3851 542 3924 Phlegon
555 3855 721 3920 Trallianus,
738 3855 772 3908 de
794 3856 913 3910 Mirahii.
928 3874 986 3929 rap.
1000 3858 1035 3913 6:
1048 3878 1120 3916 aurio
1138 3866 1220 3933 igitur

144 3940 323 3994 orbisilomae
335 3951 503 3998 nccxcv1113
516 3934 613 4001 Plinii,
627 3951 674 3989 aa.
689 3937 721 3988 In
738 3935 908 4014 Africaergo
927 3938 1004 4008 prius
1022 3958 1103 4010 quam
1116 3945 1144 3996 in
1156 3946 1220 3998 Ger·

146 4019 236 4073 nenia
248 4018 417 4071 militaverat.
431 4016 484 4067 En.

1031 4132 1065 4200 cl
