2664 4800
151 337 176 382 rr
333 313 395 383 DE
424 312 553 382 Nove
579 310 618 379 C.
647 311 789 380 PLlNll
817 311 1041 383 EDlTlONE

151 467 249 537 simul
266 467 442 554 exhibere,
455 465 622 535 Harduini
641 466 922 535 commentarium
941 491 1034 560 paene
1048 469 1225 564 integrum

153 570 299 667 servare,
312 580 403 650 falsis
415 595 545 650 tanturn
560 580 778 675 superfluisve
795 579 943 674 rejectis3
959 597 1154 653 caeterorum
1172 587 1224 653 in-

151 712 334 794 terpretum
350 712 463 780 notas,
474 699 501 766 si
513 697 572 792 qui
590 695 773 790 praesertim
789 695 940 766 meliores
954 715 1013 766 ant
1025 686 1226 770 recentiores

149 813 368 894 exstiterunt,
382 813 566 894 Gronovii,
580 810 756 879 Rezzouici
768 863 778 893 ,
792 810 953 894 Broterii,
966 812 1140 898 Durandi,
1153 815 1226 883 Fal·

150 929 278 1010 coneti,
291 925 451 1009 aliorum,
463 952 530 995 non
545 950 644 994 avara
659 925 810 1018 quidem,
820 925 877 993 sed
891 950 952 994 nec
966 927 1107 1022 prodiga
1123 953 1226 998 manu

150 1057 337 1136 excerptas,
353 1041 534 1134 praesertim
548 1065 653 1134 quum
670 1038 848 1107 Harduino
863 1037 989 1134 aliquid
1003 1040 1226 1136 derogarent,

147 1157 314 1249 adjicere;
334 1181 408 1249 qnoe
431 1154 475 1223 ad
501 1168 628 1223 textum
648 1151 902 1246 intelligendum
931 1153 1226 1243 desiderarentur,

152 1273 265 1340 omnia
282 1286 341 1340 aut
360 1269 582 1363 undequaque
598 1268 711 1362 petitis
728 1265 875 1352 auxiliis,
895 1282 953 1336 ant
971 1294 1011 1337 ex
1030 1272 1125 1339 novis
1145 1296 1226 1340 con-

147 1387 286 1480 jecturis
305 1383 479 1479 supplere3
497 1382 598 1451 Plinii
619 1404 762 1467 errores,
784 1382 902 1474 saepius
924 1383 984 1450 aevi
1006 1385 1057 1452 sui
1080 1385 1227 1453 tenebris

153 1499 385 1594 imputandos,
403 1498 573 1566 bodiernae
599 1497 743 1566 scientiae
771 1496 842 1565 face
864 1495 1084 1584 collustrare,
1112 1524 1227 1568 rursus

153 1617 278 1709 ipsum,
292 1612 349 1681 ubi
364 1611 448 1680 falso
466 1610 588 1680 erroris
601 1610 765 1704 arguitur,
776 1634 938 1678 novarum
954 1611 1227 1682 observationum

153 1728 341 1824 patrocinio
356 1727 476 1810 tutari3
491 1725 599 1793 facere
612 1724 775 1818 denique,
790 1724 824 1798 id
836 1725 929 1818 quod
945 1726 980 1793 in
994 1727 1152 1796 omnibus
1165 1729 1229 1797 hu·

150 1845 206 1938 jus
231 1856 352 1911 nostrae
372 1839 588 1910 Collectionis
614 1838 765 1931 partibus
790 1853 954 1908 tentatum
982 1856 1051 1926 est,
1077 1856 1116 1910 ut
1141 1868 1228 1912 nova

154 1957 258 2026 editio
271 1980 376 2049 quum
390 1953 632 2047 praeteritarum
648 1952 799 2020 omnium
810 1977 926 2044 gerere
940 1952 1061 2043 vicem,
1071 1968 1143 2024 tum
1156 1956 1229 2027 nul·

154 2072 218 2142 lius
234 2068 394 2165 plenioris
412 2049 614 2136 desiderium
633 2081 745 2160 posset
762 2065 964 2161 relinquere.
1269 2063 1271 2066 ’

204 2189 278 2253 Hoc
299 2184 389 2251 enim
411 2181 495 2249 mihi
512 2206 643 2274 semper
661 2180 705 2249 ob
724 2180 857 2267 oculos,
877 2181 995 2250 hocin
1012 2198 1124 2253 mente
1143 2201 1177 2254 et
1195 2188 1231 2255 in

154 2302 270 2372 animo
284 2299 369 2368 fuit:
387 2322 454 2391 qua
466 2296 670 2391 professione
684 2296 818 2365 abunde
834 2296 938 2366 refelli
952 2313 1035 2392 puto
1050 2300 1230 2372 nonnullo-

156 2441 230 2508 rum
245 2413 511 2500 criminationes,
524 2412 582 2507 qui
596 2436 696 2505 opera
711 2411 861 2506 quaedam
876 2436 897 2481 a
914 2412 1010 2482 nobis
1029 2413 1119 2484 edita
1137 2442 1229 2486 com·

157 2529 419 2601 mentationibus
443 2541 477 2595 et
501 2528 694 2596 excursibus
718 2527 753 2595 in
777 2528 919 2596 nimium
941 2531 1121 2599 excrevisse
1147 2558 1230 2625 que·

157 2660 299 2729 rantur,
319 2668 387 2712 non
405 2643 483 2712 satis
500 2641 728 2729 attendentes,
744 2641 817 2712 illos
834 2644 1017 2737 praesertim
1030 2641 1233 2730 libros,Vir·

159 2760 230 2856 gilii
256 2759 331 2828 dico
360 2772 394 2826 et
421 2757 548 2843 Taciti,
577 2757 728 2825 omnium
757 2755 932 2825 doctorum
959 2756 1231 2829 adnotationibus

159 2874 426 2967 conjecturisque
441 2872 584 2940 maxime
599 2871 699 2939 fnisse
712 2869 845 2954 obvios,
859 2885 893 2939 et
908 2871 942 2937 in
958 2884 1050 2939 tauta
1064 2898 1231 2942 commen-

159 2966 323 3057 tariorum
337 2984 433 3071 silva,
446 3009 529 3079 quos
543 2983 682 3054 omnino
697 2983 865 3077 praeterire
881 3007 951 3051 non
964 2981 1107 3070 licebat,
1124 2987 1231 3057 multo

160 3102 259 3198 plura
278 3101 378 3170 fuisse
396 3125 415 3167 a
436 3098 532 3167 nobis
552 3096 703 3193 neglecta
720 3122 820 3190 quarn
840 3096 953 3168 electa.

210 3215 380 3305 Quoniam
395 3228 523 3296 tamen,
540 3236 608 3306 quo
627 3211 765 3305 propius
779 3211 821 3279 ad
836 3228 958 3281 metam
972 3214 1178 3303 accedimns,
1191 3242 1231 3286 eo

160 3332 268 3427 magis
282 3352 517 3425 properamus,
532 3327 638 3395 otium
656 3341 731 3421 post
749 3325 896 3395 lahorem
914 3327 1122 3412 anhelantes;
1137 3357 1232 3400 cura·
1281 3319 1287 3323 ¹

162 3448 273 3516 bimus
290 3461 329 3515 ut
350 3444 522 3513 materiam
541 3441 664 3510 frustra
684 3467 718 3512 se
739 3441 983 3511 diffundentem
1003 3445 1164 3514 arctiores
1181 3448 1232 3515 in·

163 3579 214 3635 tra
234 3561 354 3630 limites
374 3582 601 3644 coerceamus,
617 3582 726 3651 neque
748 3582 879 3651 semper
893 3574 1057 3653 quantum
1076 3585 1128 3629 res
1147 3561 1233 3631 feret

163 3677 412 3771 exspatiemur3
433 3686 468 3740 et
492 3696 614 3768 magna
637 3695 712 3766 spes
738 3673 889 3740 animum
914 3672 1026 3759 subit,
1049 3672 1231 3744 editionem

161 3805 308 3860 nostram
331 3785 451 3871 Plinii,
470 3786 655 3855 Franziana
679 3784 735 3853 illa
759 3783 959 3871 feliciorem,
978 3786 1111 3856 infinito
1133 3787 1231 3883 plura

163 3904 249 3983 lectu
267 3902 368 4002 digna
388 3902 475 3971 intra
492 3899 701 3970 voluminum
718 3901 884 3997 minorem
900 3899 952 3970 vel
971 3915 1059 3971 certe
1072 3927 1142 3972 non
1157 3928 1231 3974 ma·
