2664 4800
275 236 345 283 Μ.

56 282 507 751 ΒῌΟ
550 627 757 734 PLINII
801 630 1136 740 EDITIONE

133 905 226 993 an
260 900 623 992 LECTOREM
655 876 1065 998 sannionum

247 1147 483 1218 amonius
509 1149 700 1221 aureius
728 1151 944 1222 nunnae.
1037 1112 1040 1119 ’

506 1403 693 1429 -ιοοι-

63 1593 178 1710 Parra
191 1656 281 1720 rarsi
300 1632 412 1726 operis
431 1655 546 1700 rursus
560 1630 595 1699 in
614 1629 723 1700 luceru
736 1631 877 1723 edendi,
899 1639 1138 1735 perpetuisque

61 1747 401 1819 commentationibus
417 1745 618 1832 adornandi,
630 1744 771 1815 arduum
790 1773 869 1817 sane
882 1764 916 1818 et
929 1751 1039 1822 audax
1053 1780 1138 1825 con-

62 1867 171 1935 silium
193 1877 283 1949 erat,
307 1861 490 1956 praesertim
513 1860 602 1929 intra
619 1860 744 1932 modici
766 1865 928 1958 temporis
945 1871 1138 1963 angustias,

61 2007 141 2076 quas
162 1978 309 2047 instituti
331 1976 397 2044 mei
417 1975 503 2043 ratio
527 1973 757 2070 lectorumque
783 1976 939 2049 voluntas
961 1983 1045 2050 milri
1069 1985 1137 2054 cir-

61 2092 265 2166 cumscribit.
282 2095 401 2184 ltaque
420 2114 525 2184 quum
544 2114 607 2158 nec
624 2092 731 2177 vires,
745 2117 808 2162 nec
825 2094 932 2163 otium
956 2098 1057 2167 unius
1075 2099 1137 2169 ho·

61 2213 158 2279 urinis
182 2208 264 2276 huic
296 2205 404 2274 labori
430 2205 584 2274 sufficere
614 2197 771 2299 possent,
798 2233 836 2277 ac
866 2234 965 2278 nemo
992 2237 1026 2281 se
1052 2216 1137 2283 tanti

61 2322 244 2393 vadimonii
265 2329 459 2414 sponsorem
484 2318 688 2387 desideranti
712 2319 796 2388 mihi
816 2338 1007 2416 praestaret,
1025 2328 1137 2396 nimiae

60 2438 241 2534 provinciae
263 2459 349 2503 onus
374 2434 461 2501 inter
485 2431 600 2528 plures
627 2432 731 2502 dividi
761 2439 923 2529 oportuit.
943 2440 1017 2507 Viri
1047 2440 1136 2510 litte·

61 2579 174 2623 rarnm
198 2564 368 2634 amantes,
389 2547 599 2642 antiquitatis
625 2548 769 2634 curiosi,
795 2575 906 2619 rerum
933 2553 1135 2624 naturalium

62 2671 177 2764 periti,
196 2690 332 2761 operam
358 2688 452 2732 suam
475 2661 713 2731 contulerunt:
732 2664 854 2756 quibus
880 2681 990 2734 tamen
1011 2684 1048 2736 ut
1069 2696 1136 2739 una

63 2796 215 2878 praesset
229 2781 314 2848 ratio
330 2793 363 2847 et
377 2801 555 2846 commune
570 2777 777 2862 institutum,
788 2792 826 2846 ut
838 2781 951 2849 omnia
965 2785 1049 2852 vasti
1063 2810 1135 2853 cor-

64 2900 151 2992 poris
175 2896 325 2965 membra
340 2895 375 2961 in
394 2891 547 2961 eamdem
566 2891 708 2959 formam
726 2892 872 2980 coirent,
889 2921 971 2965 neve
987 2899 1135 2992 partium

63 3011 230 3080 discordia
245 3009 346 3077 totius
366 3008 413 3074 rei
431 3031 561 3075 summa
578 3004 761 3094 laboraret,
776 3008 938 3104 singulari
954 3037 1034 3082 cura
1052 3015 1136 3084 vide

65 3129 161 3196 batur
177 3151 247 3194 esse
262 3122 526 3218 praecavendum.

109 3248 189 3311 Haec
211 3242 314 3335 igitur
330 3239 419 3306 inter
437 3262 489 3305 me
511 3250 546 3306 et
568 3235 643 3305 illos
662 3236 721 3329 qui
739 3261 773 3305 se
792 3241 964 3332 proposito
984 3265 1059 3311 meo
1078 3270 1136 3312 vo·

66 3358 166 3425 lentes
180 3355 428 3448 adjunxerunt,
445 3351 568 3447 praevia
586 3352 681 3444 quasi
701 3350 916 3446 stipulatione
935 3370 968 3422 et
987 3358 1133 3450 quodam

65 3471 230 3540 societatis
247 3467 399 3537 ineundae
417 3466 540 3535 foedere
553 3464 683 3534 decreta
700 3467 976 3536 sunt:lla1duini
994 3485 1133 3561 textum,

64 3585 259 3679 plerumque
269 3584 452 3677 optimum,
464 3580 528 3651 nisi
537 3606 641 3674 quum
652 3581 860 3675 paucissimis
874 3584 908 3650 in
920 3583 1001 3654 locis
1015 3587 1134 3657 melior

64 3700 172 3794 aliqua
202 3699 337 3767 lectioe
359 3696 530 3766 codicibus
550 3696 713 3778 oriretur,
738 3696 930 3791 incorrupta
949 3725 1052 3770 manu
1078 3729 1134 3772 ex-

64 3840 212 3907 pressum
235 3837 447 3908 proponere3
464 3811 572 3880 varias
594 3818 789 3879 caeterarum
817 3811 1004 3884 editionum
1023 3816 1136 3888 lectio-

65 3955 138 4018 nes,
153 3945 189 3999 et
207 3944 387 4022 utramque
409 3942 555 3996 veterem
570 3950 609 3994 ae
628 3950 750 4018 novam
769 3927 916 4019 capitum
937 3930 1132 4002 divisionem

114 4106 142 4168 Ι.
906 4124 927 4166 a
