2664 4800
135 383 225 431 xvnr
534 354 806 427 ttsnnulttl

138 497 217 565 locis
240 480 478 575 indicabimus}
497 485 655 581 quidquid
681 486 723 557 de
748 513 809 558 sno
832 489 977 583 primum
1004 495 1205 589 excogitavit

137 626 177 670 ac
198 597 357 693 protulit,
377 593 468 689 quod
488 592 605 661 eodem
626 607 770 688 spectet,
789 597 819 663 ei
849 595 918 664 fere
942 599 1092 691 oportuit
1111 600 1205 671 theta

137 708 269 800 nigrum
283 727 303 772 a
316 702 415 771 nobis
427 700 552 796 praefigi
565 724 572 766 :
587 697 620 767 id
636 700 725 795 qnod
736 702 806 770 sine
821 700 887 770 nlla
899 716 1010 771 tamen
1025 705 1205 778 acerbitate

136 796 256 882 facturi
274 832 408 894 suiuus,
425 830 445 875 a
463 829 528 900 qua
547 804 735 900 longissime
752 809 857 876 nostri
874 832 984 878 mores
1000 810 1131 881 absunt.

190 915 353 987 Libellum
377 914 404 982 is
427 927 586 1008 preterea
607 911 727 997 edidit,
746 937 846 1006 quem
868 915 1033 1008 inscripsit
1049 919 1105 986 De
1126 921 1203 989 Pu·-

134 1030 193 1099 m'o
211 1023 396 1103 Italicum,
419 1033 452 1087 et
464 1021 518 1086 De
533 1020 759 1111 Homonymis
773 1044 784 1086 .·
799 1019 856 1087 ubi
872 1009 978 1089 Plinii>
996 1021 1104 1091 dicam
1123 1027 1203 1094 scri·

135 1131 205 1216 bit,
223 1127 312 1223 quod
332 1126 395 1194 sub
410 1124 549 1193 diversis
566 1124 756 1193 nominibus
771 1124 901 1193 easdem
917 1123 1055 1196 omnino
1072 1128 1204 1222 plantas

134 1237 272 1305 diversis
288 1233 367 1303 locis
382 1230 569 1299 describat:
591 1230 728 1323 perinde
749 1232 843 1324 quasi
862 1256 930 1299 non
948 1232 1035 1302 idem
1054 1234 1204 1307 Galenus

137 1342 319 1436 usurparit,
334 1337 424 1406 libris
444 1335 486 1403 de
502 1333 657 1404 facultate
672 1334 870 1430 simplicium
885 1337 1204 1412 medicamentorum

135 1449 315 1541 inscriptis,
330 1446 364 1512 in
380 1451 493 1511 Astere
509 1442 637 1524 Attico,
651 1456 686 1509 et
699 1442 871 1526 Bubonio,
885 1442 1031 1538 aliisque.
1045 1446 1110 1517 Sed
1125 1463 1205 1519 snut

131 1571 165 1624 et
181 1552 244 1622 alia
261 1552 332 1646 ejus
348 1549 421 1617 libri
441 1547 664 1641 παρορᾶματα,
683 1572 756 1641 quae
774 1550 841 1617 suis
863 1548 943 1618 locis
962 1552 1169 1623 notabuntur
1180 1554 1202 1624 ¹.

189 1663 307 1752 ltaque
329 1671 404 1752 post
425 1669 474 1723 tot
496 1678 702 1722 summorum
723 1656 872 1724 virorum
895 1654 1155 1746 lucubrationes,
1176 1662 1205 1731 si

133 1769 206 1860 quis
225 1778 320 1858 roget
340 1762 418 1856 qnid
439 1761 481 1829 ab
501 1762 539 1828 iis
553 1758 710 1829 ellectum
730 1762 773 1830 sit
794 1775 843 1830 tot
861 1764 968 1848 curis,
993 1777 1044 1833 tot
1063 1764 1205 1860 vigiliis,

134 1888 184 1941 tot
206 1869 396 1949 sudoribus,
414 1866 493 1960 quid
513 1863 634 1935 deinde
655 1863 777 1936 laboris
797 1869 951 1961 supersit;
967 1868 1076 1939 dicam
1095 1872 1204 1941 auda-

133 1995 221 2061 cter,
239 1975 328 2070 quod
346 1988 397 2043 cst
417 1972 507 2066 apud
527 1971 675 2040 eruditos
698 1974 733 2039 in
758 1973 926 2060 confesso,
948 1974 1022 2069 plus
1043 1978 1101 2045 uni
1120 1979 1205 2049 mihi

135 2084 253 2152 deinde
275 2079 494 2175 superfuisse,
508 2101 608 2170 quam
625 2092 786 2170 quantum
806 2104 826 2148 a
847 2080 982 2173 singulis
996 2082 1063 2175 jam
1083 2083 1205 2154 exhau-

136 2206 223 2259 stum
239 2191 296 2276 sit,
311 2186 385 2283 plus
406 2186 505 2253 ctiam
523 2208 623 2277 quam
642 2198 802 2276 quantum
822 2185 865 2254 ab
881 2187 1046 2258 omnibus.
1064 2191 1153 2260 Nam
1169 2204 1206 2261 et

136 2300 191 2365 vix
206 2309 334 2390 partem
349 2294 459 2387 operis
475 2288 682 2358 millesimam
702 2291 841 2384 attigere
862 2293 1007 2362 universi
1022 2321 1030 2363 :
1045 2310 1080 2365 et
1096 2310 1202 2366 retra·

134 2402 262 2472 ctandae
273 2397 486 2468 nihilominus
497 2393 701 2489 singulorum
714 2394 971 2486 lucubrationes,
979 2400 1205 2496 discrepantes

133 2509 284 2578 codicum
299 2505 456 2574 lectiones
466 2501 566 2572 simul
579 2502 799 2592 excutiendae,
812 2519 850 2573 ut
862 2529 936 2598 quae
947 2507 1082 2578 sinc'erae
1092 2500 1205 2579 iurent

134 2614 406 2709 dijudicaremus,
422 2634 537 2704 quaere
555 2607 756 2679 adulterine.

188 2717 411 2814 Γιωγραφικὰ,
435 2731 473 2784 nt
500 2713 689 2809 appellant,
716 2715 782 2784 hoc
807 2730 880 2802 est,
908 2731 1071 2788 terrarum
1099 2722 1203 2806 situs,

134 2851 235 2922 quam
261 2828 295 2893 in
318 2837 446 2918 partem
473 2821 616 2889 maxime
639 2819 838 2914 negligentia
866 2821 1076 2894 librariorum
1102 2841 1204 2922 atque

134 2932 297 3027 imperitia
317 2927 542 2999 carnificinam
563 2928 726 3013 exercuit,
742 2928 962 2999 restituendus
977 2955 1016 3000 ac
1035 2931 1203 3004 sanandus

135 3040 221 3109 fuit:
253 3047 426 3116 truncata,
445 3030 594 3115 divulsa,
618 3030 773 3114 confusa,
805 3034 1014 3130 confictaque
1046 3041 1201 3119 nomina,

135 3169 209 3239 quae
226 3157 337 3212 tamen
352 3138 502 3226 fere,ceu
520 3138 674 3231 genuina,
681 3135 798 3207 Ortelii
807 3140 929 3209 chica
940 3156 1204 3239 caeterorumque

135 3251 316 3333 admisere,
337 3271 397 3316 suo
421 3246 567 3340 primum
589 3243 704 3328 nitori,
723 3268 848 3338 suoque
866 3245 986 3316 deinde
1004 3246 1077 3318 loco
1094 3272 1135 3318 ac
1154 3251 1201 3320 si·

138 3359 201 3441 tui,
219 3352 307 3424 unde
324 3374 479 3448 perversa
495 3350 762 3443 interpunctione
779 3351 988 3439 exciderant,
1009 3353 1201 3426 reddenda:

137 3463 227 3557 qnod
241 3461 356 3556 quanti
370 3456 489 3527 fastidii
509 3455 624 3539 fuerit,
635 3456 690 3522 vix
705 3456 727 3524 ii
742 3455 940 3551 intelligent,
956 3459 998 3527 ad
1012 3485 1095 3554 quos
1111 3460 1203 3532 nulla

137 3592 214 3665 pers
238 3565 340 3650 taedii,
362 3562 419 3634 sed
445 3562 553 3657 operis
579 3558 702 3630 utilitas
724 3586 790 3630 una
812 3564 993 3657 perveniet.
1019 3567 1203 3639 Historicas

135 3675 255 3745 deinde
280 3670 505 3752 narrationes,
526 3665 711 3762 placitaque
737 3669 979 3763 propemodum
1006 3672 1202 3764 innumera,

180 3880 203 3916 r.
214 3858 275 3912 Non
285 3854 351 3909 loeis
361 3849 483 3906 indicetis
492 3863 610 3912 tantum,
628 3846 673 3901 sed
693 3862 720 3903 et
735 3849 763 3902 in
777 3850 847 3903 nnus
855 3848 889 3904 sd
900 3851 968 3905 llist.
981 3855 1051 3926 Aug,
1060 3855 1204 3926 uipm

133 3939 274 3997 Salmasius
284 3934 434 4006 complures
445 3931 525 3984 Plinii
537 3931 610 3982 looos
621 3927 721 3998 attigit3
735 3927 808 4000 quod
822 3930 901 3983 etiarn
914 3930 1034 3988 seuerum
1049 3933 1164 3990 Budm
1173 3936 1203 3989 j„

133 4027 210 4086 ssu,
223 4018 337 4088 Scaliger
351 4027 464 4083 uoerqm
478 4010 586 4081 passim,
602 4021 628 4061 rt
637 4007 683 4063 alii
698 4007 809 4062 minoris
821 4007 905 4065 ism..
918 4008 970 4066 En,
