2664 4800
454 351 716 431 PRAEFATIO.
1062 377 1121 421 xix

51 490 222 587 inquibus
243 487 376 583 lapsum
402 509 516 555 errore
538 482 681 553 Plinium
705 482 825 579 vulgus
847 484 973 570 credit,
993 486 1121 559 idoneis

51 597 358 694 probatissimorum
392 593 591 687 scriptorum
620 590 814 661 testimoniis
842 591 1122 666 constabilienda:

51 702 264 775 discutiendae
277 701 355 769 item
371 699 559 770 curationes
570 697 723 776 medicae,
734 711 768 765 et
780 699 847 765 suis
856 722 993 793 quaeque
1010 718 1123 796 aptan·

52 811 96 881 dae
119 808 269 893 morbis,
288 831 355 875 non
379 803 494 874 alienis
517 803 760 887 adscribendae,
781 805 901 897 quihus
921 823 1121 901 praepostera

52 914 278 1011 interpunctio
296 910 441 980 remedia
462 935 549 1003 saepe
571 908 675 976 aliena
697 909 825 977 affinxit
846 936 853 977 :
876 910 958 981 fides
981 914 1123 1012 denique

53 1021 271 1119 integerrimo
296 1018 420 1109 ubique
446 1015 649 1085 restituenda
671 1017 844 1109 scriptori,
863 1017 951 1087 lama
977 1022 1125 1114 ejusdem

53 1143 82 1197 et
94 1127 299 1197 existimatio
311 1122 492 1193 sarcienda.
502 1121 604 1211 Quod
617 1121 749 1215 quidem
764 1122 885 1215 quibus
897 1124 1029 1218 adjutus
1043 1154 1128 1224 prae.

54 1234 140 1305 sidiis
153 1245 316 1330 praestare
327 1230 388 1299 sim
404 1242 558 1313 conatus,
571 1252 638 1321 qua
654 1227 789 1296 tandein
802 1230 856 1297 via
872 1244 905 1298 et
918 1247 989 1301 arte
1003 1233 1036 1301 id
1048 1236 1128 1307 effe·

54 1344 174 1426 nerim,
197 1336 291 1433 quod
313 1334 480 1431 spondeo,
506 1349 543 1403 ut
571 1359 639 1401 non
667 1332 772 1401 multo
798 1335 1003 1407 emendatior
1027 1344 1128 1413 modo

55 1448 217 1542 prodeat,
246 1467 348 1538 quam
372 1441 531 1511 hactenus
559 1440 640 1527 suit,
665 1439 723 1509 sed
750 1454 784 1509 et
809 1440 959 1534 politior,
979 1446 1129 1536 nitidior,

56 1554 237 1649 integrior,
255 1573 355 1644 quarn
377 1563 572 1617 caeterorum
592 1545 679 1615 ullus
695 1548 893 1615 Latinorum
910 1551 1130 1644 scriptorum,

57 1684 144 1731 nunc
163 1656 302 1729 tandem
320 1654 449 1749 aperire
466 1678 575 1746 operae
597 1653 739 1747 pretium
761 1667 821 1721 est.

107 1770 278 1837 accumu
285 1762 426 1857 prirnum
435 1783 474 1827 ac
485 1758 625 1854 diligens
636 1760 729 1829 MSS.
739 1759 891 1829 codicum
899 1762 1033 1834 collatio
1042 1767 1133 1841 adhi-
1232 1794 1238 1816 ·

58 1872 140 1947 bin.
153 1886 189 1941 et
198 1868 336 1965 quidem
350 1864 580 1960 plurimorum.
594 1863 833 1935 EBibliotlreca
845 1868 989 1959 primum
1010 1874 1133 1968 Regia,

59 1981 107 2048 cui
118 2002 213 2047 nrinc
226 1978 278 2043 vir
288 1972 487 2043 clarissimus
501 1971 663 2065 nobisque
678 1971 966 2063 conjunctissimus
980 1980 1135 2069 amicitia,

58 2088 315 2155 Tuevnuorrus
334 2092 468 2173 praeest,
484 2078 568 2148 duos
586 2079 767 2171 presertim
785 2078 926 2149 utendos
939 2082 1133 2157 habuimus:

60 2191 201 2261 alterum
218 2210 385 2256 annorum
400 2186 683 2278 octingentorum,
696 2186 954 2277 quingentorum
973 2187 1134 2278 alterum,

60 2299 111 2393 qui
133 2297 208 2367 fere
233 2318 312 2365 cum
334 2290 545 2361 Cliillletiano
571 2291 722 2383 superius
746 2288 879 2361 laudato
904 2316 924 2361 a
946 2318 1000 2364 me
1020 2299 1134 2369 codice

61 2404 227 2499 congruit.
247 2402 278 2471 Ε
295 2396 498 2467 Bibliotheca
523 2396 641 2475 deiude
659 2397 731 2465 Viri
750 2394 957 2469 illustrissimi
979 2405 1136 2476 loturus

62 2512 249 2581 ers'raa
265 2507 466 2588 Consuant,
478 2504 535 2596 qui
553 2527 660 2596 nuper
677 2504 711 2571 in
725 2503 887 2596 Suprema
902 2506 1022 2575 AErnrii
1039 2511 1137 2605 Regii

63 2615 266 2687 Praefectura
278 2611 376 2696 obiit,
388 2610 522 2678 omnino
536 2624 680 2702 quatuor
694 2624 703 2672 τ
718 2632 861 2700 quorum
875 2611 1137 2704 perhumaniter,

64 2738 96 2792 nt
113 2720 223 2805 solet,
240 2719 371 2813 copiam
393 2715 488 2783 nobis
506 2714 585 2784 lecit
598 2716 657 2783 Vir
675 2711 726 2783 Cl.
745 2714 872 2783 semu.
886 2718 1075 2790 Binuzros.
1093 2726 1137 2791 ln

65 2830 111 2899 bis
126 2825 303 2899 codicibus
316 2820 665 2916 quatuor,Thuanaeus
677 2834 738 2905 est,
746 2844 845 2912 quem
856 2819 1038 2894 Salmasius
1051 2852 1139 2924 saepe

66 2951 184 3007 testem
210 2930 354 3000 advocat
374 2929 410 2995 in
432 2926 729 2995 Exercitationibus
749 2924 915 2997 Plinianis.
939 2931 1058 3026 Itaque
1085 2939 1138 3007 usi

68 3065 181 3113 sumus
204 3038 243 3107 iis
262 3031 520 3126 exemplaribus,
541 3058 615 3126 quae
633 3046 700 3101 tam
722 3032 844 3126 publici
865 3034 949 3127 juris
966 3062 1037 3107 esse
1055 3066 1137 3135 pos-

68 3163 162 3233 sunt,
179 3167 285 3240 quam
303 3140 407 3211 nostri
429 3138 562 3207 luerunt
579 3164 587 3207 z
603 3163 644 3206 ne
661 3136 801 3232 publicu
820 3139 1006 3212 credulitati
1023 3147 1138 3240 ignota

69 3250 255 3338 hudando,
279 3272 342 3317 uec
368 3246 445 3316 satis
470 3259 562 3315 certo
585 3241 660 3313 loco
683 3242 869 3328 delitentia,
889 3247 1062 3340 imponere
1085 3258 1138 3325 vi·

67 3362 236 3433 deremur.

9 3492 12 3549 :
119 3467 186 3535 Usi
198 3473 357 3558 praeterea
375 3472 409 3526 et
423 3456 527 3527 altero
544 3457 679 3551 optirnae
696 3470 782 3524 notre
795 3457 921 3546 codice,
934 3486 1034 3554 quem
1049 3468 1141 3535 Pari·

68 3577 212 3643 sienscm
227 3587 473 3658 nuncupamus,
487 3562 611 3658 quodsi
625 3563 666 3629 tis
679 3564 714 3629 in
730 3586 768 3631 ea
785 3563 868 3633 urbe
886 3567 917 3633 in
932 3592 997 3660 qua
1014 3595 1140 3658 sumus,

68 3695 101 3748 et
121 3682 156 3746 in
177 3671 408 3751 bibliothece,
425 3693 524 3762 quam
548 3691 724 3753 curamus,
740 3670 867 3737 scriniis
889 3675 1087 3747 reconditus.

126 3779 374 3853 Adrocuvimus
391 3774 556 3844 interdum
577 3777 610 3842 in
630 3789 741 3867 partes
758 3774 960 3846 Cbillletiani
976 3784 1144 3880 exempla·

71 3894 116 3960 ris
140 3886 261 3973 fidem,
276 3899 310 3954 et
330 3882 508 3967 Fuxensis,
525 3882 712 3975 vetustique
733 3881 811 3949 item
831 3880 985 3973 alterius,
1002 3914 1146 3982 quorum

72 3997 319 4089 discrepantem
336 3989 380 4059 ab
396 3986 466 4057 aliis
485 3988 682 4081 scripturam
695 3984 930 4082 Dalecampius
947 3993 981 4061 in
1000 4020 1060 4065 sua
1074 3997 1149 4067 edi·

949 4120 992 4188 „
