2664 4800
458 365 745 434 PRAEFATIO·
1100 392 1137 436 rx

58 508 141 572 citer
158 498 339 595 quinquies
357 495 448 567 mille
466 500 631 568 crassiora
652 523 785 568 sanasse
805 524 840 568 se
862 497 1001 568 vulnera
1018 497 1138 593 gloria·

60 626 113 678 tur
126 608 152 673 ¹.
168 607 235 677 Sed
257 620 335 699 post
352 629 493 700 messem
515 604 599 675 adeo
619 605 774 692 uberem,
789 605 952 700 praediviti
971 605 1082 675 adhuc
1104 622 1138 677 et

60 714 266 809 amplissimo
283 711 453 809 spicilegio
471 711 581 781 locum
599 711 750 806 reliquit,
767 713 864 806 siqui
882 714 1032 807 sagacius
1045 713 1138 783 iuda·

61 846 141 916 gare
158 817 311 893 vellent:
326 820 444 913 etipse
460 819 496 886 in
514 820 553 888 iis
567 843 641 912 quae
658 820 785 913 attigit,
802 842 888 913 saepe
905 819 1044 887 nimium
1060 844 1140 888 cou-

56 929 216 1020 jecturae‚
244 926 414 995 memoria
439 927 539 995 ctiam
571 924 668 1019 plus,
700 950 801 1019 quam
817 925 987 994 bominem
1005 924 1137 1012 deceat,
1212 1007 1214 1011 k
1286 1000 1294 1013 .

62 1034 204 1102 tribuit:
227 1032 276 1100 uti
297 1028 397 1125 paulo
415 1032 566 1101 acerbius
585 1054 659 1100 eam
679 1033 814 1100 obrem
838 1033 988 1100 invectus
1009 1032 1044 1099 in
1060 1057 1138 1101 curn

61 1140 236 1208 Pintiauus
262 1137 341 1206 olim
371 1138 585 1232 exprobravit
594 1135 615 1205 ².
642 1137 708 1206 Sed
732 1162 889 1207 concessa
916 1135 1012 1207 facile
1040 1141 1140 1207 venia

61 1236 256 1338 amporam
277 1245 532 1336 ἁμαρτημάτων,
555 1244 645 1337 quod
670 1246 781 1313 minus
804 1245 925 1312 mirum
947 1245 990 1312 sit
1009 1269 1139 1313 memo·

61 1353 147 1419 riam
165 1349 319 1419 excidere
336 1348 522 1444 aliquarum
539 1374 663 1437 rerum,
677 1375 777 1445 quam
796 1365 949 1419 constare
967 1352 1138 1433 omnium3

62 1472 95 1525 at
109 1481 179 1525 non
194 1457 292 1524 venia
308 1456 429 1550 dignus
440 1481 553 1550 aeque,
567 1481 670 1550 quum
686 1456 844 1552 neglectis
862 1471 1012 1525 veterum
1028 1481 1138 1525 exem·

62 1561 208 1659 plarium
222 1563 378 1657 vestigiis,
391 1576 424 1631 et
432 1565 626 1656 priscarum
642 1579 720 1634 ante
738 1588 772 1632 se
790 1563 974 1632 editionum
993 1587 1141 1650 securus,

63 1669 209 1763 plurima
229 1693 291 1762 pro
308 1669 466 1755 arbitrio,
482 1669 610 1739 erudite
626 1671 733 1765 magis
753 1694 853 1764 quam
873 1685 969 1738 caute
987 1693 1026 1738 ac
1044 1693 1140 1757 vere,

63 1778 227 1858 mutavit,
241 1774 294 1843 vel
309 1773 406 1869 plane
420 1776 669 1870 pessumdedit:
685 1801 788 1870 quum
804 1774 948 1870 plurima
960 1801 1001 1844 ex
1014 1776 1053 1844 iis
1066 1800 1140 1869 quae

63 1882 256 1975 castigavit,
273 1906 341 1950 non
360 1882 536 1952 erratailla
552 1885 636 1970 sint,
653 1883 710 1952 sed
726 1906 845 1978 parum
863 1880 1039 1952 intellecta
1050 1885 1142 1950 Tan·
1229 1938 1231 1943 .

63 2003 136 2057 turn
149 1987 367 2058 nihilominus
383 1992 572 2059 auctoritati
584 1993 745 2060 Baranam
761 1990 938 2060 subsecuta
958 2003 1057 2076 retas,
1072 2014 1144 2057 eru·

61 2093 249 2188 ditionique
263 2095 398 2179 tribuit,
412 2110 451 2164 ut
463 2097 672 2188 conjecturas
687 2095 789 2183 illius,
804 2122 866 2167 ceu
885 2096 1024 2165 totidem
1038 2094 1142 2188 κυρίας

64 2193 178 2288 δόξας,
199 2202 236 2268 in
253 2214 447 2270 contextum
469 2204 663 2288 inseruerit,
682 2204 772 2271 unde
793 2202 999 2273 eliminandae
1013 2227 1032 2270 a
1045 2202 1143 2270 nobis

63 2309 165 2376 variis
193 2310 399 2401 argumentis
428 2308 532 2379 fuere.
561 2311 670 2381 Sensit
690 2309 890 2403 jamdudum
917 2311 1006 2378 hanc
1031 2307 1141 2378 labem

63 2414 160 2507 operi
188 2413 339 2483 Pliniano
364 2414 488 2483 illatam
515 2431 632 2485 auctor
659 2419 917 2512 Epigrammatis
943 2415 1023 2485 alias
1052 2413 1143 2484 baud

63 2518 304 2614 perelegantis‚
320 2523 354 2589 in
371 2524 638 2593 Commentarios
657 2549 677 2591 a
694 2525 864 2617 Stephano
881 2526 1005 2616 Aquaeo
1022 2522 1144 2605 editos,

63 2627 106 2696 de
123 2628 246 2721 quibus
266 2628 432 2723 agendum
452 2655 531 2698 mox
549 2632 621 2698 crit.
639 2632 695 2698 Sic
713 2631 801 2697 enim
818 2629 896 2697 ille:

227 2775 299 2827 Dum
312 2774 400 2828 facere
409 2775 567 2828 Hermolaos
578 2773 739 2828 medicinam
750 2777 883 2828 Barbarus
896 2787 971 2846 optat

308 2867 370 2919 Non
383 2866 475 2937 paucis
488 2868 576 2920 lacero
589 2867 746 2920 vulneribus
759 2868 861 2932 Plinio,

228 2958 370 3012 Perlesum
384 2960 490 3030 gravius
500 2963 620 3031 conjecta
632 2962 755 3014 vulnerat
767 2974 824 3014 arte
836 2973 844 3022 3

307 3052 364 3104 Nec
375 3053 463 3104 minus
475 3053 580 3106 incauta
592 3053 708 3124 plurima
720 3054 797 3104 turba
809 3072 902 3105 manu:

230 3145 263 3195 In
277 3155 396 3208 tantum,
410 3156 440 3196 ut
450 3145 528 3196 Latio
540 3147 594 3214 jam
608 3142 763 3215 deploratus
777 3145 861 3196 abiret

310 3234 354 3287 Ob
365 3235 448 3287 multa
461 3237 489 3287 in
498 3235 600 3308 Stygias
613 3236 723 3288 vulnera
734 3237 816 3297 fessus
826 3254 922 3307 aquas,
931 3250 979 3289 etc.

120 3383 263 3454 Felicior
285 3384 453 3480 aliquanto
481 3366 729 3456 Srorsnrnnbns
757 3389 961 3472 Garamas,
992 3389 1049 3481 qui
1077 3412 1146 3456 uno

68 3491 231 3560 duntaxat
253 3491 510 3586 archetyporum
536 3493 705 3588 praesidio,
723 3493 849 3563 collatis
875 3497 961 3562 inter
984 3518 1019 3563 se
1041 3519 1147 3562 exem-

70 3663 174 3717 Gelenii
194 3665 380 3736 Pintianiqne,
392 3664 426 3717 de
443 3666 542 3737 quibus
557 3684 620 3719 mox
634 3667 681 3718 liet
698 3667 820 3719 mentio:
837 3667 897 3736 plus
911 3679 1000 3719 tamen
1017 3685 1066 3737 per
1081 3665 1146 3718 istos

69 3744 187 3814 proiecit
205 3744 308 3796 Plinius
327 3763 407 3836 quam
421 3764 470 3815 per
485 3746 622 3798 universos
638 3744 762 3798 editores.
782 3744 899 3798 Maxima
915 3747 972 3797 laus
988 3757 1049 3817 post
1067 3746 1144 3797 illum

70 3825 270 3877 triumviratum
290 3802 462 3897 Dalecampio
486 3823 611 3889 debetur,
629 3843 708 3896 quem
726 3827 824 3880 frustra
842 3844 904 3879 mox
920 3824 1071 3897 deprimere
1088 3837 1147 3877 teu·

71 3904 136 3956 tabit
151 3904 223 3956 malo
235 3904 411 3957 emicationis
420 3903 509 3958 studio
519 3903 683 3958 Harduinns.
695 3903 746 3958 En.

112 4002 138 4036 1.
153 3986 184 4035 ln
196 3984 279 4055 Epist.
293 3983 328 4037 ad
340 3986 414 4036 Alex.
422 3987 477 4046 VI,
488 3986 567 4037 Pont·
578 3984 650 4036 Max.

113 4082 139 4115 π.
155 4065 187 4116 In
204 4065 318 4118 Obserr.
334 4064 642 4131 Plinianis,lib.XX11‚
658 4083 715 4134 cap.
731 4083 756 4116 2.
