2664 4800
199 376 290 423 xxxu
598 350 872 420 HARDUINI
1243 428 1254 439 ..

200 443 383 577 ntjudices
407 483 530 550 snlrstis
551 481 728 565 lrnrnnnoe,
751 481 931 576 diligenter
948 482 1204 577 distinguemus.
1227 484 1271 554 Et

201 591 285 661 libro
304 602 474 674 xnv‚sect.
492 610 550 657 cvr
564 591 661 657 :Nos
681 611 759 656 eam
778 591 944 658 nomana
960 595 1201 685 experimentis
1215 590 1272 659 dr·-

197 718 363 792 geremus.
376 691 462 762 Alibi
475 695 593 762 etiam:
607 697 732 762 Noster
739 695 927 788 Sulpicius:
937 698 1071 765 Seneca
1079 696 1267 791 mpudens,

200 801 300 899 nprtd
309 823 374 869 nos
392 802 519 870 cinero.
536 799 629 888 Quid
649 814 700 867 est
720 801 910 868 Romanum
925 826 960 868 se
976 801 1138 895 profiteri,
1159 803 1186 871 si
1205 801 1271 872 hoc

199 933 267 977 non
286 904 379 975 rst¹?
392 904 680 975 Novocomensem
694 904 828 998 quidem
845 930 921 975 eum
938 907 1160 1002 Hieronymus
1175 907 1271 992 facit,

199 1014 257 1085 sed
274 1038 294 1081 a
313 1013 474 1105 scriptore
493 1012 568 1079 vitae
583 1009 740 1079 Pliniana
758 1010 918 1105 impulsus
935 1013 969 1079 in
988 1013 1153 1100 intudem,
1170 1038 1271 1109 quem

199 1116 427 1213 Tranquillum
446 1124 517 1186 esse'
534 1118 729 1186 Suetonium
748 1115 883 1211 vulgus,
898 1117 954 1186 sed
975 1117 1073 1199 falso,
1089 1135 1194 1214 putat

255 1229 304 1293 Ex
323 1223 437 1293 eadem
461 1222 643 1291 Pliniorum
671 1237 769 1318 gente
782 1222 845 1291 fuit
861 1225 907 1310 is,
920 1225 978 1317 qui
995 1227 1143 1320 Byzantii
1163 1227 1272 1296 scriba

205 1332 288 1414 fuit,
311 1330 518 1424 temporibus
535 1330 648 1398 Severi
667 1327 846 1398 Alexandri
862 1331 1018 1424 Imperat
1035 1345 1118 1402 teste
1131 1357 1271 1403 nummo

204 1439 359 1532 antiquo,
376 1437 433 1529 qui
453 1435 515 1504 fuit
530 1437 563 1503 in
579 1432 709 1503 cimelio
718 1438 761 1504 D.
771 1437 980 1520 Fonmnm,
995 1436 1059 1506 hac
1070 1438 1270 1534 epigraphe:

199 1543 445 1612 ΒΥΖΑΝΤΙΩΝ
456 1544 519 1608 ΓΡ.
528 1544 647 1609 ΠΛΙΝ.
656 1542 921 1610 ΣΕΚΟΥΝΔΟΥ.
928 1543 1136 1635 Γραμματέως
1145 1545 1270 1614 Illirico

199 1642 380 1718 Σεκούνδου.
401 1652 648 1740 Byzantiorum
668 1672 842 1732 nummus,
862 1647 924 1717 sub
939 1648 1061 1720 Scriba
1080 1651 1195 1720 Plinio
1215 1655 1272 1724 Se·

201 1753 346 1826 cundo².

244 1945 269 1979 1.
282 1932 334 1977 Has
344 1941 438 1976 omnes
447 1921 581 1976 Harduini
592 1923 771 1977 cavillationes
779 1926 863 1995 probe
872 1925 994 1979 confutat
1004 1925 1046 1977 vel
1055 1942 1124 1978 unus
1133 1925 1272 1979 Ciceronis

202 2001 496 2075 locusl.11daLegg.
516 2003 683 2067 «Omnibus,
700 2003 802 2073 iuquit,
817 2003 997 2075 municipibus
1018 2002 1084 2056 duas
1101 2022 1195 2058 censeo
1215 2023 1271 2058 ease

202 2084 315 2156 patrias,
330 2101 409 2136 unam
422 2096 535 2147 naturas,
551 2083 657 2135 alteram
669 2082 795 2148 civitatis,
808 2095 838 2134 ut
849 2083 894 2135 ille
905 2083 971 2135 Cato
983 2101 1069 2154 quum
1079 2097 1145 2136 essm
1155 2084 1269 2138 Tusculi

201 2176 295 2223 natus,
312 2163 339 2216 iu
361 2162 456 2234 populi
478 2161 591 2215 Romani
612 2161 744 2215 civitatem
767 2175 902 2232 susceptus
922 2174 977 2227 est3
997 2163 1086 2233 itaque
1106 2181 1190 2234 quum
1207 2177 1270 2218 ortu

201 2243 369 2296 Tusculanus
380 2253 463 2305 esset,
477 2242 587 2295 civatate
600 2242 751 2305 Romanus,
765 2241 861 2294 habuit
872 2242 982 2294 alteram
996 2242 1049 2294 loci
1062 2243 1190 2313 patriam,
1203 2244 1270 2297 alte·

201 2314 258 2375 ram
271 2318 366 2392 juris}-
380 2322 420 2374 Ita
432 2320 539 2385 Cicero,
554 2321 674 2391 quamvis
686 2333 748 2373 ortu
758 2320 884 2392 Arpinas,
892 2320 998 2374 civitate
1011 2322 1145 2374 Romarm
1158 2320 1221 2388 fain
1233 2322 1270 2377 iu

201 2402 312 2468 Plinius,
323 2399 442 2472 quamvis
454 2401 673 2464 Novocomensis,
685 2402 796 2453 Romam
810 2400 923 2470 patriam
938 2400 1073 2472 appellare
1085 2400 1271 2474 poteratVide

202 2501 262 2553 quse
275 2482 303 2534 in
320 2482 389 2535 hauc
403 2499 461 2532 rem
475 2479 640 2533 disseruntur
652 2499 668 2532 a
682 2480 844 2542 Reazonioo,
859 2479 905 2532 lib.
922 2481 976 2543 VI,
990 2500 1018 2550 p.
1038 2482 1100 2534 10⁵.
1116 2479 1169 2534 Eu.

244 2581 269 2613 a.
285 2562 446 2613 Numeratur
460 2561 539 2614 etiam
550 2560 619 2612 inter
629 2559 737 2614 Graecos
748 2559 851 2612 Plinius
862 2559 999 2613 Secundus
1012 2559 1190 2624 Atheniensis,
1201 2560 1270 2615 fabri

203 2641 283 2706 filius,
292 2640 363 2693 unde
379 2653 406 2694 ct
418 2630 533 2709 Ἐπίουρος
549 2639 752 2711 cognominatus
766 2651 817 2692 est:
835 2657 914 2711 quem
928 2638 1043 2693 Herodis
1056 2638 1093 2692 so
1112 2640 1187 2693 histes
1201 2659 1270 2712 prae·

203 2735 338 2792 ceptorem
352 2720 431 2772 luisse
450 2731 541 2773 namot
561 2718 656 2771 Suidas
668 2711 808 2790 (quamvis
827 2717 900 2788 apud
921 2737 982 2772 eum
1000 2718 1068 2771 male
1087 2659 1202 2791 licinum<
1219 2739 1269 2792 pro

202 2790 320 2869 deincps:
333 2813 358 2852 et
372 2791 496 2869 nantario
515 2816 565 2868 pro
581 2790 695 2867 apaten
714 2788 831 2868 legitur).
846 2797 991 2868 Scripserat
1009 2798 1054 2851 ille
1065 2795 1272 2853 declamationes

203 2879 341 2932 oratorias.
353 2881 393 2930 De
406 2879 452 2929 illo
468 2895 574 2949 quoque
592 2878 691 2929 mentio
708 2874 783 2946 apud
797 2876 982 2930 Philostratum
997 2889 1022 2930 et
1039 2877 1117 2940 alias,
1132 2876 1178 2931 sed
1191 2879 1269 2950 vulgo

203 2954 336 3018 lusciniae
358 2968 459 3008 tautum
477 2968 655 3026 nuncupatur.
681 2955 796 3007 Graeculi
819 2955 860 3007 isti
882 2956 1003 3009 Romano
1024 2956 1133 3009 nomine
1151 2957 1270 3029 insigniti

203 3049 325 3108 poterant
339 3036 373 3088 ab
386 3034 475 3106 allquo
487 3033 637 3086 Pliniorum
651 3033 746 3086 liberto
759 3034 868 3104 stirpem
880 3032 996 3089 duxisse:
1006 3054 1056 3087 uec
1064 3035 1176 3098 mirum,
1185 3056 1270 3108 quum

204 3131 231 3169 et
244 3116 350 3167 illorum
365 3114 501 3186 utriusque
525 3132 579 3166 non
601 3111 744 3166 mediocris
759 3112 867 3167 fortuna
880 3115 973 3181 fuerit3
986 3114 1099 3184 junioris
1113 3134 1176 3168 vero
1190 3115 1269 3171 etiam

203 3197 295 3267 ingens
305 3195 459 3266 opulentia,
473 3211 504 3247 ac
517 3192 615 3245 familia
630 3192 853 3258 numerosissima,
867 3206 896 3246 ut
915 3213 945 3246 ex
962 3195 1018 3261 eius
1037 3193 1131 3246 litteris
1145 3208 1247 3249 constat
1263 3236 1272 3263 ,

203 3293 253 3328 nec
265 3275 354 3327 minus
364 3293 396 3326 ex
409 3273 496 3345 elogio
508 3270 654 3325 Mediolani
662 3285 801 3325 asservato.
815 3273 902 3327 Latini
910 3286 999 3326 autem
1010 3291 1076 3344 quos
1091 3285 1153 3327 anta
1162 3273 1270 3328 Graecos
1317 3322 1326 3337 ,

203 3356 284 3409 citare
295 3352 422 3407 debuerat
437 3351 598 3409 Harduiuus,
620 3353 698 3405 multi
720 3348 837 3424 eJusdem
858 3353 990 3412 nominis,
1007 3350 1053 3404 secl
1069 3352 1150 3406 variis
1168 3373 1270 3425 cogno·

203 3432 320 3487 minibus
334 3434 585 3506 insigues‚quorum
601 3430 711 3503 quidam
725 3432 753 3484 iu
771 3432 922 3504 municipiis
935 3431 988 3484 suis
1005 3432 1170 3502 magistratus
1185 3451 1270 3505 gesse·

202 3527 278 3578 runt,
290 3514 358 3567 inter
370 3513 555 3585 inscriptiones
565 3512 649 3573 Comi,
661 3509 820 3575 Mediolani,
835 3512 932 3576 Bilaci,
945 3511 1009 3564 etin
1025 3512 1084 3564 aliis
1096 3513 1177 3566 Italiac
1191 3516 1272 3584 parti·

203 3595 252 3647 bus
272 3607 388 3665 repertus
404 3591 485 3658 (vide
500 3612 549 3644 uos
572 3590 604 3643 ad
619 3591 732 3644 Broterii
755 3582 957 3662 praefationem)
984 3609 1045 3642 cum
1068 3590 1171 3644 honore
1196 3593 1270 3648 citati

202 3675 379 3745 reperiuntur.
394 3676 433 3727 Ex
446 3673 634 3744 quibusunum
651 3670 681 3724 C.
702 3671 817 3724 Plinium
834 3671 960 3723 Faustum
976 3669 1066 3723 Nostri
1079 3683 1181 3741 patrem
1192 3671 1271 3725 luisse

202 3755 349 3825 suspicatur
366 3753 541 3815 Bonamicus,
561 3752 725 3821 fratremque
740 3762 802 3803 natu
823 3753 951 3821 majorem
964 3748 996 3801 L.
1009 3749 1124 3802 Plinium
1139 3751 1227 3803 Fausti
1239 3752 1270 3805 F.

202 3834 343 3898 Sabinum,
354 3834 400 3904 qui
411 3835 480 3886 circa
493 3828 682 3883 duodecimum
696 3830 757 3882 vitae
767 3847 867 3881 annum
881 3840 1001 3880 mortuus
1016 3829 1043 3880 in
1058 3829 1144 3900 elogio
1163 3830 1269 3900 legitur.

203 3914 270 3980 Quas
287 3913 307 3963 si
331 3931 382 3983 pro
403 3912 471 3965 veris
491 3908 615 3963 habenda
630 3922 724 3973 essent,
738 3906 876 3961 Secundus
889 3907 922 3959 ab
936 3906 1030 3960 ordine
1041 3907 1168 3961 nascendi
1183 3909 1271 3964 dicun

202 3993 293 4047 luisset
305 3991 407 4046 Plinius
418 4004 524 4054 noster,
547 3987 628 4060 idque
646 4006 793 4058 cognomen
807 3987 904 4040 sororis
924 3987 979 4057 ejus
994 3987 1065 4039 filius
1083 4006 1131 4059 per
1146 3987 1272 4060 adoptio·

200 4091 262 4126 nem
278 4072 327 4125 sibi
345 4070 504 4125 adscivisset.
521 4069 673 4139 Ingeniosus
684 4066 825 4121 Reazouici
838 4068 1004 4137 conjecturas
1014 4064 1076 4120 ride
1085 4066 1157 4139 apud
1170 4069 1271 4139 ipsum,

203 4151 317 4222 Disquis.
326 4152 394 4206 Plin.
405 4151 451 4205 lib.
458 4151 495 4217 V,
504 4169 531 4220 p.
548 4148 620 4212 134,
636 4168 669 4202 cx
681 4145 754 4220 apud
766 4165 815 4200 nos
827 4146 908 4213 inira,
921 4164 979 4218 pag.
991 4165 1045 4201 m.
1061 4147 1115 4200 Eu.
