2664 4800
202 395 260 442 xiv
614 368 874 438 HARDUINI

186 529 269 599 ¹qua
281 504 315 572 in
326 500 468 571 Plinium
480 499 588 569 obiter
598 500 727 594 adjecta
741 513 821 568 nota
831 496 1014 588 nobilitari,
1028 503 1277 601 symbolumque

204 635 298 680 suam
312 608 393 677 dare
402 610 434 675 in
445 608 533 676 hanc
543 605 795 690 veluticoenam,
811 606 923 676 decori
938 607 998 676 sibi
1011 633 1080 678 esse
1095 610 1274 682 duxerunt.

202 716 298 785 Adde
320 717 461 801 iterum,
475 715 501 782 si
516 713 628 799 lubet,
647 714 847 783 Anaunion
869 715 1275 812 Nann1ssausan,quem

202 824 236 890 in
263 821 456 890 obscuriora
480 817 577 888 Plinii
599 817 689 902 loca3
713 821 934 888 etJosnnmr
955 821 1138 892 duranum
1161 825 1275 894 Snus-

201 952 325 1015 nauos,
342 952 440 1021 quem
457 928 491 994 in
511 950 627 995 omnes
640 922 737 993 Plinii
760 922 883 1012 libr0s3
905 941 939 994 et
957 927 1273 1000 Cnnrsrornoaun

201 1033 612 1125 Loucot1uu,quemin
634 1029 788 1099 undecim
808 1033 935 1125 priores
957 1057 1107 1103 exarasse
1131 1038 1276 1106 Annota·

202 1142 308 1209 tiones
322 1141 435 1208 aiunt:
453 1136 579 1206 sedeas
597 1137 758 1206 hactenus
771 1137 928 1225 ineditas,
939 1152 976 1206 ut
994 1139 1126 1232 quidem
1141 1168 1273 1211 remur:

202 1248 251 1316 uti
269 1260 303 1314 et
320 1247 471 1314 Dicurti
493 1244 710 1312 Grammatici
728 1258 882 1338 excerpta
903 1269 944 1312 ex
965 1243 1078 1314 Solino
1096 1260 1129 1315 et
1150 1247 1274 1334 Plinio,

202 1379 276 1448 quar
298 1353 332 1420 in
357 1350 557 1418 membranis
578 1363 707 1417 exstare
724 1347 903 1418 Salmasius
924 1352 988 1436 ait,
1009 1353 1042 1419 in
1064 1355 1206 1424 Exercit.
1230 1356 1274 1423 ad

200 1458 301 1528 Solin.
324 1481 401 1551 pag.
427 1459 461 1541 4.
484 1457 528 1523 Ι).
551 1479 597 1523 nn
619 1456 744 1523 ortvs
767 1454 915 1523 similiter
936 1451 1051 1545 (forte,
1073 1483 1120 1528 nu
1142 1452 1275 1554 Srnvs)

203 1566 298 1634 Frisii
313 1563 448 1648 medici,
461 1562 727 1631 Commentarios
742 1561 775 1628 in
785 1560 944 1648 Plinium,
958 1588 1041 1656 quos
1056 1562 1167 1634 laudat
1178 1567 1275 1635 Mun-

201 1672 341 1766 tingius,
361 1691 462 1763 opere
484 1666 641 1762 singulari
663 1666 704 1734 de
725 1666 829 1735 herba
847 1671 1057 1757 Britannica,
1078 1696 1155 1765 pag.
1182 1696 1274 1758 rar,

202 1803 263 1848 nec
284 1776 444 1860 vidimus,
470 1798 531 1842 nec
558 1772 710 1867 vulgatos
730 1788 893 1867 putamus.
923 1777 1075 1869 Denique
1096 1777 1273 1847 Nicolaum

202 1883 396 1964 Beraldum,
421 1881 488 1948 sive
506 1882 678 1965 Bsnsun,
695 1904 794 1973 quem
813 1906 981 1951 nonnemo
1003 1907 1109 1977 nuper
1129 1884 1275 1977 prodidit

201 1988 325 2083 aliquid
346 1989 380 2055 in
398 1985 539 2056 Plinium
552 2009 720 2074 exarasse,
739 2010 874 2079 prorsus
888 2013 950 2057 nec
968 1988 1128 2078 vidimus,
1143 2016 1204 2060 nec
1218 2017 1275 2060 no

201 2092 341 2164 vimus¹.

253 2206 328 2271 Jam
349 2201 405 2294 qui
434 2214 563 2293 partem
584 2198 685 2292 hujus
706 2202 814 2294 operis
842 2199 984 2295 aliquam
1004 2203 1064 2271 sibi
1084 2228 1273 2298 sumpsere,

202 2324 240 2379 ut
261 2312 295 2378 in
317 2331 356 2375 ca
374 2307 580 2401 potissimum
596 2305 820 2392 elaborarent,
838 2306 873 2375 hi
892 2307 961 2376 fere
979 2323 1073 2377 suut:

255 2419 299 2484 In
305 2413 551 2514 praefationem
565 2411 617 2480 ad
633 2414 753 2481 Τι’ίιιιη.
764 2415 937 2483 Marinus
948 2419 1181 2485 Baniensnus
1192 2416 1272 2485 Sco-

201 2522 349 2606 drensis,
371 2544 460 2588 anno
489 2542 621 2587 unxia.
648 2521 829 2589 Nicasius
857 2522 1059 2605 Pnnorrus,
1086 2523 1273 2617 Episcopus

201 2628 409 2723 Sipontinus,
424 2639 541 2694 auctor
555 2626 776 2721 Cornucopia
792 2651 799 2693 ε
816 2650 882 2720 quo
899 2651 1000 2721 opere
1014 2652 1051 2696 ea
1067 2627 1272 2698 elucubratio

201 2737 400 2816 continetur,
419 2759 452 2827 p.
471 2729 586 2814 1033,
605 2756 682 2803 cum
698 2735 876 2802 Couunnn
891 2735 1060 2803 Vrrnnnu
1072 2735 1106 2802 in
1121 2734 1272 2805 eamdem

202 2841 300 2910 Plinii
322 2837 504 2933 Epistolam
527 2836 807 2905 annotationibus.
831 2840 1052 2910 Francrscus
1074 2865 1119 2909 nn
1138 2843 1272 2910 Vinus·

203 2969 336 3033 nosos,
358 2943 512 3013 Glossam
533 2940 726 3010 Naturalem
748 2941 851 3010 edidit
867 2944 901 3010 in
920 2942 1016 3013 Plinii
1035 2947 1187 3015 Historia
1209 2950 1273 3017 Na·

202 3051 317 3122 turalis
341 3051 487 3145 primum
512 3060 546 3117 et
576 3046 757 3118 secundum
784 3046 929 3136 librum,
959 3051 1155 3146 Compluti,
1181 3053 1271 3148 apud

247 3317 325 3370 1.Dc
341 3311 527 3384 christophori
541 3310 664 3382 Longolii
678 3309 815 3364 laboribus
830 3311 858 3364 in
872 3311 990 3365 Plinium
1008 3314 1090 3367 multa
1106 3313 1216 3384 reperiri
1231 3312 1272 3367 di·

204 3410 302 3450 curatur
314 3395 341 3447 in
354 3394 416 3447 ritis
433 3391 653 3464 philosophorum
666 3409 681 3441 a
695 3390 843 3444 Melchiore
857 3391 958 3444 Adamo
972 3394 1100 3457 collectis,
1120 3391 1272 3446 laudantur·

202 3496 255 3548 que
273 3475 393 3529 Gesnero
408 3473 464 3543 ejus
479 3470 663 3524 commentarii
678 3470 706 3521 iu
720 3470 848 3524 Bibliotb.
864 3472 1022 3525 Universali.
1045 3473 1140 3525 Jacobi
1163 3480 1271 3544 quoque

204 3556 274 3608 Susii
294 3567 320 3606 ct
337 3552 509 3622 Brugensium
525 3562 600 3603 notas
619 3547 773 3621 praedicavit
787 3550 905 3603 Andreas
922 3550 1044 3605 Schottus
1059 3552 1088 3604 in
1108 3552 1218 3623 epistola
1233 3551 1269 3605 ad

206 3634 338 3688 Orteliunr
358 3650 417 3703 quac
434 3630 585 3702 Pomponio
603 3630 680 3682 Meis
696 3629 814 3700 subjecta
832 3644 879 3683 est.
898 3630 969 3683 Petri
992 3631 1126 3684 Cisccouii
1148 3631 1269 3684 Toletani

205 3714 310 3784 vigilis
320 3711 460 3774 Pliniana
469 3710 539 3762 Petri
549 3709 629 3761 Pierii
640 3709 753 3762 Smensae
764 3708 901 3779 cujusdam
915 3710 1000 3779 putria
1012 3710 1156 3776 Schotani,
1166 3729 1270 3764 necnon

204 3792 316 3846 Roberti
325 3790 490 3845 Constantini
501 3787 699 3843 emendationes
714 3789 741 3839 in
756 3789 872 3840 Plinium
884 3807 899 3840 a
909 3790 1044 3858 nonnullis
1056 3789 1180 3844 citantur·
1189 3791 1270 3842 Octa-

205 3873 263 3926 vius
276 3870 412 3924 Ferrarius
425 3867 674 3922 commentationem
690 3867 836 3921 Plinianam
850 3868 997 3921 instituerat
1008 3907 1016 3934 ,
1027 3889 1105 3941 quam
1120 3868 1156 3923 ad
1170 3870 1269 3922 librum

203 3951 394 4006 duodecimum
413 3960 564 4021 provectam
582 3966 654 4002 mors
671 3948 787 4018 abrupit.
805 3947 886 4001 Plura
904 3946 938 3999 de
955 3947 988 4001 iis
1004 3949 1068 4003 ride
1089 3948 1161 4021 apud
1179 3948 1270 4003 Fabri·

200 4034 280 4087 cium.
299 4031 351 4085 Eu.
