2664 4800
469 374 731 442 PRAEFATIO.
848 420 850 424 -
1028 396 1137 440 xxxin

114 506 192 575 Fuit
204 520 240 573 et
253 503 348 589 alter,
360 504 400 572 C.
417 506 563 573 Pmruns
575 505 764 573 Secunnns
776 502 982 585 (inermus‘,
998 506 1139 597 scriptor

56 611 298 707 epistolarum,
314 624 346 678 et
365 611 553 703 panegyrici
568 610 712 701 Trajano
731 608 818 676 dicti.
836 610 888 677 Ex
908 611 1045 701 geminis
1062 613 1137 676 uni-

58 745 143 787 cum
157 720 220 785 viri
239 717 319 785 alins
340 715 460 784 eruditi
476 715 696 797 conllarunt²,
714 715 874 782 Eusebius
893 716 925 782 in
947 715 1135 797 Cluonic0,

61 827 290 917 Hieronymus
300 823 335 890 in
345 823 465 889 isaiam
484 835 517 888 ct
535 819 741 889 Ezechielem
758 875 767 907 ,
784 821 979 889 Vincentius
994 821 1138 890 Bellova-

60 932 188 1015 censis‚
199 944 234 997 et
252 930 450 997 Antoninus.
465 928 556 1015 Quin
571 941 605 993 ct
612 930 746 995 tertium
759 927 802 994 ab
824 940 984 1019 utroque,
997 927 1050 994 vel
1060 953 1138 997 cum

61 1039 197 1105 seniore
220 1053 310 1104 certe
332 1057 508 1129 perperam
534 1031 684 1101 nonnulli
713 1032 941 1116 confundunt,
961 1034 1017 1126 qui
1039 1033 1139 1102 dere

62 1142 197 1210 medica
213 1139 370 1208 volumen
390 1140 540 1232 scripsit,
564 1140 711 1233 quinque
725 1140 861 1208 omnino
876 1137 967 1207 libris
986 1164 1139 1234 compre·

62 1249 221 1326 hemum,
235 1249 288 1314 cui
299 1231 708 1339 cognomenVsnrnmur³
721 1244 794 1329 fuit,
808 1247 914 1338 patria
926 1247 1081 1329 Comum,
1091 1248 1139 1314 uti

62 1367 206 1424 vetustae
224 1349 350 1447 aliquot
371 1351 600 1446 inscriptiones
614 1350 744 1420 docent.
763 1349 829 1419 Sed
845 1353 872 1418 is
895 1349 1003 1418 multo
1027 1376 1140 1421 recen·

62 1462 130 1529 tior
143 1459 283 1546 exstitit,
296 1459 420 1552 quippe
432 1459 488 1550 qui
506 1454 671 1526 Galerium
688 1457 833 1550 aliosque
847 1455 959 1524 laudet
977 1455 1140 1526 inferioris

61 1566 137 1635 aeri.
1113 1652 1118 1658 Ι

117 1674 173 1740 De
194 1670 322 1764 reliquo
339 1694 460 1765 genere
478 1671 554 1739 vitae
575 1672 660 1763 ejus,
679 1685 713 1738 et
730 1670 856 1752 obitus,
878 1668 919 1737 ‹le
940 1671 1070 1763 scriptis
1096 1670 1139 1738 ab

62 1804 105 1846 eo
128 1775 375 1861 uoluminibus,
397 1800 471 1870 quae
492 1778 576 1846 scire
600 1776 693 1862 licet,
719 1801 758 1844 ea
774 1799 959 1868 cognosces
981 1800 1021 1845 ex
1043 1776 1140 1844 unius

64 1883 162 1952 Plinii
172 1883 315 1975 junioris
328 1880 474 1976 epistolis
496 1882 643 1966 duabus,
666 1905 747 1975 quas
768 1881 848 1949 huic
866 1881 1053 1950 Praesationi
1069 1882 1141 1950 suls

64 2005 228 2073 texemus,
239 2013 316 2057 cum
329 1974 454 2056 Notis⁴.
462 1989 523 2056 Vir
534 1988 597 2058 fuit
605 1989 659 2057 hic
670 2003 782 2058 noster
797 2011 875 2056 sanc
893 1990 1004 2082 magni
1016 1987 1140 2057 laboris

64 2111 98 2164 et
116 2096 247 2181 studii,
269 2094 358 2189 quod
383 2095 454 2187 ejus
480 2120 581 2188 opera
606 2109 769 2188 arguunt3
788 2092 845 2162 sed
865 2095 1021 2187 magister
1048 2095 1137 2163 idem

64 2201 255 2288 ἀθεότητος,
271 2202 416 2270 caecitate
430 2202 569 2295 ingenti:
592 2199 683 2294 quod
700 2203 837 2287 mirere,
853 2222 955 2294 quum
976 2200 1074 2268 fucrit
1090 2202 1138 2284 is,

65 2323 101 2377 ut
120 2310 248 2402 scripta
264 2321 444 2392 testantur,
463 2309 561 2376 castis
580 2308 861 2401 integerrimisque
878 2305 1045 2392 moribus;
1056 2304 1139 2373 dum

65 2416 210 2508 penitius
228 2412 365 2482 Nuturae
385 2428 551 2482 scrutatur
566 2437 705 2499 arcana,
722 2416 858 2483 Naturae
873 2413 973 2504 ipsius
992 2413 1137 2480 auctoris

64 2520 201 2590 oblitus.

106 2741 133 2777 1.
149 2724 182 2774 In
204 2732 297 2774 nostra
314 2721 397 2774 Plinii
415 2720 535 2792 junioris
552 2722 689 2783 editione,
706 2738 767 2791 quae
780 2721 836 2789 jam
855 2718 971 2790 prodiit,
984 2729 1137 2772 accuratam

66 2803 151 2872 ipsius
170 2801 255 2854 vitam
270 2817 440 2872 operumque
457 2800 665 2873 descriptionem
680 2818 743 2853 curn
760 2797 872 2869 judiciis
892 2798 1036 2850 docturum
1051 2797 1138 2850 homi-

66 2899 131 2934 nnm
146 2881 276 2952 reperies.
290 2882 342 2934 En.

102 2977 131 3014 α.
146 2959 252 3014 Confer
271 2958 353 3030 paulo
373 2958 445 3012 inira
463 2961 616 3014 Excursum
636 2963 648 3012 1
668 2960 702 3013 ad
723 2960 838 3013 Broterii
861 2956 1060 3029 prelationem,
1074 2975 1134 3029 pag.

65 3057 128 3093 scir
144 3050 172 3092 et
187 3056 266 3110 seqq.
277 3041 329 3092 En.

104 3118 133 3173 3.
145 3119 229 3172 Plura
242 3117 277 3170 de
291 3117 355 3183 illo,
370 3135 430 3189 pag.
444 3128 492 3171 u'v
506 3129 599 3188 etseq.
615 3121 664 3170 En.

104 3200 215 3264 Minu
235 3196 295 3250 illes
315 3197 532 3269 preclarissimus
547 3199 682 3268 epistolas,
696 3216 758 3251 cum
778 3200 863 3250 tertiae
884 3195 1043 3266 fragmento,
1065 3199 1134 3248 inter

64 3276 221 3331 testimonie
232 3278 365 3330 Veterum
379 3276 508 3342 edemus,
521 3294 579 3346 pag.
596 3294 694 3330 nxxvu
711 3288 807 3346 etseq.
824 3278 907 3328 Notas
925 3287 1015 3329 tumen
1029 3277 1135 3329 omitte·

64 3375 138 3424 mus,
153 3375 186 3410 ex
201 3358 261 3428 ipsa
274 3356 357 3410 Plinii
371 3356 472 3411 (laecilii
484 3355 602 3409 editione
615 3355 782 3428 repetendas.
795 3358 846 3408 En.
