<?xml version="1.0" encoding="UTF-8"?>
<!DOCTYPE html PUBLIC "-//W3C//DTD XHTML 1.0 Transitional//EN"
    "http://www.w3.org/TR/xhtml1/DTD/xhtml1-transitional.dtd">
<html xmlns="http://www.w3.org/1999/xhtml" xml:lang="en" lang="en">
 <head>
  <title>
</title>
<meta http-equiv="Content-Type" content="text/html;charset=utf-8" />
  <meta name='ocr-system' content='tesseract 3.04.00' />
  <meta name='ocr-capabilities' content='ocr_page ocr_carea ocr_par ocr_line ocrx_word'/>
</head>
<body>
  <div class='ocr_page' id='page_1' title='image "bibliothecaclas41lemagoog_0022.png"; bbox 0 0 2664 4800; ppageno 0'>
   <div class='ocr_carea' id='block_1_1' title="bbox 79 380 1161 406">
    <p class='ocr_par' dir='ltr' id='par_1_1' title="bbox 79 380 1161 406">
     <span class='ocr_line' id='line_1_1' title="bbox 79 380 1161 406; baseline 0.003 -7"><span class='ocrx_word' id='word_1_1' title='bbox 79 380 806 401; x_wconf 53' lang='lat' dir='ltr'>mmmmfflmfflmmffl</span> <span class='ocrx_word' id='word_1_2' title='bbox 809 381 943 399; x_wconf 56' lang='lat' dir='ltr'>mmm</span> <span class='ocrx_word' id='word_1_3' title='bbox 947 381 1161 406; x_wconf 56' lang='grc' dir='ltr'>ἿΜΊΜΌἊΜΜ</span> 
     </span>
    </p>
   </div>
   <div class='ocr_carea' id='block_1_2' title="bbox 78 508 1158 773">
    <p class='ocr_par' dir='ltr' id='par_1_2' title="bbox 78 508 1158 773">
     <span class='ocr_line' id='line_1_2' title="bbox 78 508 1158 773; baseline 0.007 -7"><span class='ocrx_word' id='word_1_4' title='bbox 78 597 590 767; x_wconf 71' lang='lat' dir='ltr'>annorum</span> <span class='ocrx_word' id='word_1_5' title='bbox 633 508 1158 773; x_wconf 67' lang='lat' dir='ltr'>caminam.</span> 
     </span>
    </p>
   </div>
   <div class='ocr_carea' id='block_1_3' title="bbox 524 934 713 959">
    <p class='ocr_par' dir='ltr' id='par_1_3' title="bbox 524 934 713 959">
     <span class='ocr_line' id='line_1_3' title="bbox 524 934 713 959; baseline 0 -6"><span class='ocrx_word' id='word_1_6' title='bbox 524 934 713 959; x_wconf 60' lang='lat'>-000—</span> 
     </span>
    </p>
   </div>
   <div class='ocr_carea' id='block_1_4' title="bbox 473 1083 767 1163">
    <p class='ocr_par' dir='ltr' id='par_1_4' title="bbox 473 1083 767 1163">
     <span class='ocr_line' id='line_1_4' title="bbox 473 1083 767 1163; baseline 0.003 -3"><span class='ocrx_word' id='word_1_7' title='bbox 473 1083 767 1163; x_wconf 91' lang='lat' dir='ltr'><strong>LECTORI.</strong></span> 
     </span>
    </p>
   </div>
   <div class='ocr_carea' id='block_1_5' title="bbox 552 1276 686 1296">
    <p class='ocr_par' dir='ltr' id='par_1_5' title="bbox 552 1276 686 1296">
     <span class='ocr_line' id='line_1_5' title="bbox 552 1276 686 1296; baseline 0 -6"><span class='ocrx_word' id='word_1_8' title='bbox 552 1276 686 1296; x_wconf 54' lang='grc'>*-</span> 
     </span>
    </p>
   </div>
   <div class='ocr_carea' id='block_1_6' title="bbox 78 1444 1179 1791">
    <p class='ocr_par' dir='ltr' id='par_1_6' title="bbox 78 1444 1179 1791">
     <span class='ocr_line' id='line_1_6' title="bbox 80 1444 1179 1578; baseline 0 -18"><span class='ocrx_word' id='word_1_9' title='bbox 80 1444 334 1560; x_wconf 78' lang='lat' dir='ltr'>Fasrrvuu</span> <span class='ocrx_word' id='word_1_10' title='bbox 359 1483 441 1553; x_wconf 91' lang='lat' dir='ltr'>illud</span> <span class='ocrx_word' id='word_1_11' title='bbox 461 1483 615 1578; x_wconf 87' lang='lat' dir='ltr'>quidem,</span> <span class='ocrx_word' id='word_1_12' title='bbox 638 1484 695 1554; x_wconf 86' lang='lat' dir='ltr'>sed</span> <span class='ocrx_word' id='word_1_13' title='bbox 718 1498 752 1553; x_wconf 86' lang='lat' dir='ltr'>ct</span> <span class='ocrx_word' id='word_1_14' title='bbox 772 1487 983 1556; x_wconf 90' lang='lat' dir='ltr'>verissimum</span> <span class='ocrx_word' id='word_1_15' title='bbox 1006 1489 1179 1561; x_wconf 81' lang='lat' dir='ltr'>erudito-¹</span> 
     </span>
     <span class='ocr_line' id='line_1_7' title="bbox 78 1590 1158 1690; baseline 0.005 -28"><span class='ocrx_word' id='word_1_16' title='bbox 78 1620 153 1662; x_wconf 88' lang='lat' dir='ltr'>rum</span> <span class='ocrx_word' id='word_1_17' title='bbox 169 1593 312 1662; x_wconf 83' lang='lat' dir='ltr'>effatum</span> <span class='ocrx_word' id='word_1_18' title='bbox 323 1606 394 1675; x_wconf 86' lang='lat' dir='ltr'>est,</span> <span class='ocrx_word' id='word_1_19' title='bbox 407 1594 441 1659; x_wconf 91' lang='lat' dir='ltr'>in</span> <span class='ocrx_word' id='word_1_20' title='bbox 453 1590 639 1659; x_wconf 92' lang='lat' dir='ltr'>Plinianum</span> <span class='ocrx_word' id='word_1_21' title='bbox 655 1616 740 1685; x_wconf 91' lang='lat' dir='ltr'>opus</span> <span class='ocrx_word' id='word_1_22' title='bbox 752 1590 870 1660; x_wconf 87' lang='lat' dir='ltr'>cadere</span> <span class='ocrx_word' id='word_1_23' title='bbox 883 1592 976 1662; x_wconf 91' lang='lat' dir='ltr'>illum</span> <span class='ocrx_word' id='word_1_24' title='bbox 990 1597 1158 1690; x_wconf 82' lang='lat' dir='ltr'><strong>aptissime</strong></span> 
     </span>
     <span class='ocr_line' id='line_1_8' title="bbox 78 1696 854 1791; baseline -0.006 -22"><span class='ocrx_word' id='word_1_25' title='bbox 78 1700 119 1769; x_wconf 88' lang='lat' dir='ltr'>de</span> <span class='ocrx_word' id='word_1_26' title='bbox 138 1724 227 1768; x_wconf 89' lang='lat' dir='ltr'>nave</span> <span class='ocrx_word' id='word_1_27' title='bbox 246 1725 286 1768; x_wconf 89' lang='lat' dir='ltr'>ac</span> <span class='ocrx_word' id='word_1_28' title='bbox 304 1697 443 1768; x_wconf 90' lang='lat' dir='ltr'>muliere</span> <span class='ocrx_word' id='word_1_29' title='bbox 459 1698 579 1766; x_wconf 92' lang='lat' dir='ltr'>comici</span> <span class='ocrx_word' id='word_1_30' title='bbox 596 1696 680 1765; x_wconf 90' lang='lat' dir='ltr'>vatis</span> <span class='ocrx_word' id='word_1_31' title='bbox 694 1696 809 1791; x_wconf 89' lang='lat' dir='ltr'>jocum</span> <span class='ocrx_word' id='word_1_32' title='bbox 828 1696 854 1764; x_wconf 88' lang='lat'>¹:</span> 
     </span>
    </p>
   </div>
   <div class='ocr_carea' id='block_1_7' title="bbox 242 1882 882 2415">
    <p class='ocr_par' dir='ltr' id='par_1_7' title="bbox 242 1882 753 1955">
     <span class='ocr_line' id='line_1_9' title="bbox 242 1882 753 1955; baseline -0.004 -18"><span class='ocrx_word' id='word_1_33' title='bbox 242 1884 350 1955; x_wconf 82' lang='lat' dir='ltr'>Negotii</span> <span class='ocrx_word' id='word_1_34' title='bbox 365 1883 415 1935; x_wconf 79' lang='lat' dir='ltr'>eibi</span> <span class='ocrx_word' id='word_1_35' title='bbox 429 1883 476 1954; x_wconf 88' lang='lat' dir='ltr'>qui</span> <span class='ocrx_word' id='word_1_36' title='bbox 490 1883 562 1934; x_wconf 78' lang='lat' dir='ltr'>volet</span> <span class='ocrx_word' id='word_1_37' title='bbox 575 1882 632 1933; x_wconf 82' lang='lat' dir='ltr'>vim</span> <span class='ocrx_word' id='word_1_38' title='bbox 646 1900 753 1951; x_wconf 81' lang='lat' dir='ltr'>parare,</span> 
     </span>
    </p>

    <p class='ocr_par' dir='ltr' id='par_1_8' title="bbox 243 1972 882 2415">
     <span class='ocr_line' id='line_1_10' title="bbox 243 1972 871 2045; baseline -0.005 -16"><span class='ocrx_word' id='word_1_39' title='bbox 243 1979 346 2030; x_wconf 78' lang='lat' dir='ltr'>Navem</span> <span class='ocrx_word' id='word_1_40' title='bbox 358 1994 389 2028; x_wconf 90' lang='lat' dir='ltr'>ac</span> <span class='ocrx_word' id='word_1_41' title='bbox 403 1975 559 2040; x_wconf 83' lang='lat' dir='ltr'>mulierem,</span> <span class='ocrx_word' id='word_1_42' title='bbox 575 1973 632 2025; x_wconf 72' lang='lat' dir='ltr'>hec</span> <span class='ocrx_word' id='word_1_43' title='bbox 643 1972 699 2025; x_wconf 91' lang='lat' dir='ltr'>duo</span> <span class='ocrx_word' id='word_1_44' title='bbox 710 1986 871 2045; x_wconf 86' lang='lat' dir='ltr'>comparato.</span> 
     </span>
     <span class='ocr_line' id='line_1_11' title="bbox 244 2064 814 2137; baseline -0.007 -16"><span class='ocrx_word' id='word_1_45' title='bbox 244 2070 313 2122; x_wconf 86' lang='lat' dir='ltr'>Nam</span> <span class='ocrx_word' id='word_1_46' title='bbox 326 2067 405 2120; x_wconf 73' lang='lat' dir='ltr'>nulla</span> <span class='ocrx_word' id='word_1_47' title='bbox 418 2067 501 2137; x_wconf 76' lang='lat' dir='ltr'>magis</span> <span class='ocrx_word' id='word_1_48' title='bbox 513 2084 556 2117; x_wconf 81' lang='lat' dir='ltr'>res</span> <span class='ocrx_word' id='word_1_49' title='bbox 568 2064 628 2118; x_wconf 70' lang='lat' dir='ltr'>dun</span> <span class='ocrx_word' id='word_1_50' title='bbox 641 2066 704 2137; x_wconf 84' lang='lat' dir='ltr'>plur</span> <span class='ocrx_word' id='word_1_51' title='bbox 714 2066 814 2137; x_wconf 81' lang='lat' dir='ltr'>negotii</span> 
     </span>
     <span class='ocr_line' id='line_1_12' title="bbox 245 2157 779 2229; baseline 0 -18"><span class='ocrx_word' id='word_1_52' title='bbox 245 2160 360 2225; x_wconf 82' lang='lat' dir='ltr'><strong>Habent,</strong></span> <span class='ocrx_word' id='word_1_53' title='bbox 372 2159 442 2211; x_wconf 80' lang='lat' dir='ltr'>sorte</span> <span class='ocrx_word' id='word_1_54' title='bbox 454 2158 476 2210; x_wconf 81' lang='lat' dir='ltr'>si</span> <span class='ocrx_word' id='word_1_55' title='bbox 490 2157 624 2229; x_wconf 82' lang='lat' dir='ltr'>occeperis</span> <span class='ocrx_word' id='word_1_56' title='bbox 636 2177 779 2211; x_wconf 83' lang='lat' dir='ltr'>exornare:</span> 
     </span>
     <span class='ocr_line' id='line_1_13' title="bbox 246 2249 882 2323; baseline -0.003 -19"><span class='ocrx_word' id='word_1_57' title='bbox 246 2252 340 2323; x_wconf 88' lang='lat' dir='ltr'><strong>Neque</strong></span> <span class='ocrx_word' id='word_1_58' title='bbox 353 2269 471 2322; x_wconf 78' lang='lat' dir='ltr'>unquam</span> <span class='ocrx_word' id='word_1_59' title='bbox 484 2251 545 2302; x_wconf 82' lang='lat' dir='ltr'>satis</span> <span class='ocrx_word' id='word_1_60' title='bbox 557 2250 599 2302; x_wconf 81' lang='lat' dir='ltr'>har</span> <span class='ocrx_word' id='word_1_61' title='bbox 612 2249 672 2304; x_wconf 80' lang='lat' dir='ltr'>duae</span> <span class='ocrx_word' id='word_1_62' title='bbox 685 2269 727 2303; x_wconf 87' lang='lat' dir='ltr'>res</span> <span class='ocrx_word' id='word_1_63' title='bbox 740 2263 882 2314; x_wconf 87' lang='lat' dir='ltr'>ornantur,</span> 
     </span>
     <span class='ocr_line' id='line_1_14' title="bbox 246 2341 831 2415; baseline 0 -20"><span class='ocrx_word' id='word_1_64' title='bbox 246 2345 341 2415; x_wconf 81' lang='lat' dir='ltr'><strong>Neque</strong></span> <span class='ocrx_word' id='word_1_65' title='bbox 353 2343 407 2395; x_wconf 84' lang='lat' dir='ltr'>ulla</span> <span class='ocrx_word' id='word_1_66' title='bbox 419 2343 458 2395; x_wconf 82' lang='lat' dir='ltr'>eis</span> <span class='ocrx_word' id='word_1_67' title='bbox 468 2341 583 2395; x_wconf 87' lang='lat' dir='ltr'>ornandi</span> <span class='ocrx_word' id='word_1_68' title='bbox 595 2343 656 2396; x_wconf 79' lang='lat' dir='ltr'>satir</span> <span class='ocrx_word' id='word_1_69' title='bbox 669 2343 773 2397; x_wconf 75' lang='lat' dir='ltr'>satietas</span> <span class='ocrx_word' id='word_1_70' title='bbox 783 2356 831 2395; x_wconf 82' lang='lat' dir='ltr'>ert.</span> 
     </span>
    </p>
   </div>
   <div class='ocr_carea' id='block_1_8' title="bbox 84 2501 1164 3508">
    <p class='ocr_par' dir='ltr' id='par_1_9' title="bbox 84 2501 1164 3508">
     <span class='ocr_line' id='line_1_15' title="bbox 84 2501 1161 2599; baseline -0.003 -24"><span class='ocrx_word' id='word_1_71' title='bbox 84 2512 208 2575; x_wconf 77' lang='lat' dir='ltr'>Annon</span> <span class='ocrx_word' id='word_1_72' title='bbox 229 2507 316 2573; x_wconf 85' lang='lat' dir='ltr'>enim</span> <span class='ocrx_word' id='word_1_73' title='bbox 337 2504 480 2599; x_wconf 85' lang='lat' dir='ltr'>prodigii</span> <span class='ocrx_word' id='word_1_74' title='bbox 502 2501 607 2572; x_wconf 90' lang='lat' dir='ltr'>simile</span> <span class='ocrx_word' id='word_1_75' title='bbox 627 2519 692 2589; x_wconf 84' lang='lat' dir='ltr'>est,</span> <span class='ocrx_word' id='word_1_76' title='bbox 712 2525 783 2572; x_wconf 90' lang='lat' dir='ltr'>rem</span> <span class='ocrx_word' id='word_1_77' title='bbox 803 2517 854 2571; x_wconf 92' lang='lat' dir='ltr'>tot</span> <span class='ocrx_word' id='word_1_78' title='bbox 876 2516 1050 2571; x_wconf 79' lang='lat' dir='ltr'><strong>tractatam</strong></span> <span class='ocrx_word' id='word_1_79' title='bbox 1074 2503 1161 2573; x_wconf 87' lang='lat' dir='ltr'>curis</span> 
     </span>
     <span class='ocr_line' id='line_1_16' title="bbox 86 2609 1160 2706; baseline -0.004 -26"><span class='ocrx_word' id='word_1_80' title='bbox 86 2639 126 2681; x_wconf 85' lang='lat' dir='ltr'>ac</span> <span class='ocrx_word' id='word_1_81' title='bbox 145 2610 287 2706; x_wconf 77' lang='lat' dir='ltr'>vigiliis,</span> <span class='ocrx_word' id='word_1_82' title='bbox 305 2613 477 2679; x_wconf 83' lang='lat' dir='ltr'>minimam</span> <span class='ocrx_word' id='word_1_83' title='bbox 501 2634 606 2703; x_wconf 89' lang='lat' dir='ltr'>usque</span> <span class='ocrx_word' id='word_1_84' title='bbox 628 2609 738 2677; x_wconf 89' lang='lat' dir='ltr'>adhuc</span> <span class='ocrx_word' id='word_1_85' title='bbox 758 2610 1079 2677; x_wconf 82' lang='lat' dir='ltr'>consummationem</span> <span class='ocrx_word' id='word_1_86' title='bbox 1101 2609 1160 2676; x_wconf 89' lang='lat' dir='ltr'>ha-</span> 
     </span>
     <span class='ocr_line' id='line_1_17' title="bbox 87 2712 1161 2811; baseline -0.004 -24"><span class='ocrx_word' id='word_1_87' title='bbox 87 2717 220 2787; x_wconf 81' lang='lat' dir='ltr'>buisse?</span> <span class='ocrx_word' id='word_1_88' title='bbox 239 2720 286 2786; x_wconf 89' lang='lat' dir='ltr'>Ut</span> <span class='ocrx_word' id='word_1_89' title='bbox 302 2719 453 2811; x_wconf 90' lang='lat' dir='ltr'>quamvis</span> <span class='ocrx_word' id='word_1_90' title='bbox 470 2719 620 2811; x_wconf 79' lang='lat' dir='ltr'>priorum</span> <span class='ocrx_word' id='word_1_91' title='bbox 636 2717 854 2808; x_wconf 81' lang='lat' dir='ltr'>interpretum</span> <span class='ocrx_word' id='word_1_92' title='bbox 872 2712 1021 2783; x_wconf 87' lang='lat' dir='ltr'>nonnulli</span> <span class='ocrx_word' id='word_1_93' title='bbox 1036 2728 1161 2783; x_wconf 82' lang='lat' dir='ltr'>tersum</span> 
     </span>
     <span class='ocr_line' id='line_1_18' title="bbox 88 2821 1162 2919; baseline -0.005 -25"><span class='ocrx_word' id='word_1_94' title='bbox 88 2852 123 2894; x_wconf 88' lang='lat' dir='ltr'>se</span> <span class='ocrx_word' id='word_1_95' title='bbox 137 2841 173 2893; x_wconf 89' lang='lat' dir='ltr'>et</span> <span class='ocrx_word' id='word_1_96' title='bbox 190 2827 354 2919; x_wconf 85' lang='lat' dir='ltr'>integrum</span> <span class='ocrx_word' id='word_1_97' title='bbox 371 2824 526 2892; x_wconf 85' lang='lat' dir='ltr'>exhibere</span> <span class='ocrx_word' id='word_1_98' title='bbox 545 2823 687 2892; x_wconf 90' lang='lat' dir='ltr'>Plinium</span> <span class='ocrx_word' id='word_1_99' title='bbox 699 2822 896 2916; x_wconf 81' lang='lat' dir='ltr'>jactitarint,</span> <span class='ocrx_word' id='word_1_100' title='bbox 912 2821 1073 2890; x_wconf 81' lang='lat' dir='ltr'>Lucinam</span> <span class='ocrx_word' id='word_1_101' title='bbox 1088 2846 1162 2909; x_wconf 82' lang='lat' dir='ltr'>eos,</span> 
     </span>
     <span class='ocr_line' id='line_1_19' title="bbox 89 2928 1163 3025; baseline -0.002 -26"><span class='ocrx_word' id='word_1_102' title='bbox 89 2932 180 3025; x_wconf 90' lang='lat' dir='ltr'>quod</span> <span class='ocrx_word' id='word_1_103' title='bbox 205 2930 258 2998; x_wconf 90' lang='lat' dir='ltr'>ille</span> <span class='ocrx_word' id='word_1_104' title='bbox 280 2933 342 3014; x_wconf 89' lang='lat' dir='ltr'>ait,</span> <span class='ocrx_word' id='word_1_105' title='bbox 360 2928 551 2998; x_wconf 83' lang='lat' dir='ltr'>inclamasse</span> <span class='ocrx_word' id='word_1_106' title='bbox 572 2930 655 2998; x_wconf 85' lang='lat' dir='ltr'>foetu</span> <span class='ocrx_word' id='word_1_107' title='bbox 673 2928 821 2997; x_wconf 91' lang='lat' dir='ltr'>nondum</span> <span class='ocrx_word' id='word_1_108' title='bbox 841 2940 1004 3020; x_wconf 83' lang='lat' dir='ltr'>concepto</span> <span class='ocrx_word' id='word_1_109' title='bbox 1023 2941 1163 2997; x_wconf 90' lang='lat' dir='ltr'>eventus</span> 
     </span>
     <span class='ocr_line' id='line_1_20' title="bbox 89 3033 1164 3129; baseline -0.004 -23"><span class='ocrx_word' id='word_1_110' title='bbox 89 3037 249 3106; x_wconf 82' lang='lat' dir='ltr'>edoceat?</span> <span class='ocrx_word' id='word_1_111' title='bbox 271 3035 352 3104; x_wconf 89' lang='lat' dir='ltr'>nihil</span> <span class='ocrx_word' id='word_1_112' title='bbox 379 3050 416 3103; x_wconf 89' lang='lat' dir='ltr'>ut</span> <span class='ocrx_word' id='word_1_113' title='bbox 438 3035 480 3104; x_wconf 94' lang='lat' dir='ltr'>ad</span> <span class='ocrx_word' id='word_1_114' title='bbox 504 3036 593 3104; x_wconf 89' lang='lat' dir='ltr'>hunc</span> <span class='ocrx_word' id='word_1_115' title='bbox 615 3036 701 3104; x_wconf 89' lang='lat' dir='ltr'>diem</span> <span class='ocrx_word' id='word_1_116' title='bbox 728 3060 828 3129; x_wconf 90' lang='lat' dir='ltr'>opere</span> <span class='ocrx_word' id='word_1_117' title='bbox 856 3033 912 3103; x_wconf 92' lang='lat' dir='ltr'>illo</span> <span class='ocrx_word' id='word_1_118' title='bbox 933 3033 1164 3127; x_wconf 63' lang='lat' dir='ltr'>depravamus,</span> 
     </span>
     <span class='ocr_line' id='line_1_21' title="bbox 91 3139 1163 3238; baseline -0.003 -28"><span class='ocrx_word' id='word_1_119' title='bbox 91 3143 173 3211; x_wconf 90' lang='lat' dir='ltr'>nihil</span> <span class='ocrx_word' id='word_1_120' title='bbox 200 3142 414 3238; x_wconf 58' lang='lat' dir='ltr'>inquinatius&lt;</span> <span class='ocrx_word' id='word_1_121' title='bbox 427 3142 462 3209; x_wconf 89' lang='lat' dir='ltr'>in</span> <span class='ocrx_word' id='word_1_122' title='bbox 491 3139 598 3211; x_wconf 92' lang='lat' dir='ltr'>lucem</span> <span class='ocrx_word' id='word_1_123' title='bbox 626 3142 757 3224; x_wconf 80' lang='lat' dir='ltr'>exierit3</span> <span class='ocrx_word' id='word_1_124' title='bbox 776 3156 810 3210; x_wconf 91' lang='lat' dir='ltr'>ct</span> <span class='ocrx_word' id='word_1_125' title='bbox 827 3143 861 3209; x_wconf 94' lang='lat' dir='ltr'>in</span> <span class='ocrx_word' id='word_1_126' title='bbox 883 3140 1033 3209; x_wconf 89' lang='lat' dir='ltr'>Pliniano</span> <span class='ocrx_word' id='word_1_127' title='bbox 1055 3139 1163 3209; x_wconf 91' lang='lat' dir='ltr'>adhuc</span> 
     </span>
     <span class='ocr_line' id='line_1_22' title="bbox 93 3276 192 3344; baseline 0.02 -28"><span class='ocrx_word' id='word_1_128' title='bbox 93 3276 192 3344; x_wconf 83' lang='lat' dir='ltr'>agr0,</span> 
     </span>
     <span class='ocr_line' id='line_1_23' title="bbox 594 3349 936 3422; baseline -0.012 -18"><span class='ocrx_word' id='word_1_129' title='bbox 594 3353 720 3422; x_wconf 86' lang='lat' dir='ltr'>Interque</span> <span class='ocrx_word' id='word_1_130' title='bbox 732 3349 842 3403; x_wconf 80' lang='lat' dir='ltr'>nitentia</span> <span class='ocrx_word' id='word_1_131' title='bbox 855 3349 936 3407; x_wconf 87' lang='lat' dir='ltr'>culta,</span> 
     </span>
     <span class='ocr_line' id='line_1_24' title="bbox 252 3441 942 3508; baseline -0.006 -11"><span class='ocrx_word' id='word_1_132' title='bbox 252 3444 348 3498; x_wconf 77' lang='lat' dir='ltr'>Infelix</span> <span class='ocrx_word' id='word_1_133' title='bbox 361 3444 469 3508; x_wconf 87' lang='lat' dir='ltr'>lolium,</span> <span class='ocrx_word' id='word_1_134' title='bbox 482 3458 508 3498; x_wconf 89' lang='lat' dir='ltr'>et</span> <span class='ocrx_word' id='word_1_135' title='bbox 520 3444 621 3499; x_wconf 79' lang='lat' dir='ltr'>steriles</span> <span class='ocrx_word' id='word_1_136' title='bbox 631 3443 805 3496; x_wconf 85' lang='lat' dir='ltr'>dominentur</span> <span class='ocrx_word' id='word_1_137' title='bbox 816 3461 904 3495; x_wconf 79' lang='lat' dir='ltr'>avenae</span> <span class='ocrx_word' id='word_1_138' title='bbox 913 3441 942 3492; x_wconf 84' lang='lat'>¹?</span> 
     </span>
    </p>
   </div>
   <div class='ocr_carea' id='block_1_9' title="bbox 96 3574 1168 3884">
    <p class='ocr_par' dir='ltr' id='par_1_10' title="bbox 96 3574 1168 3884">
     <span class='ocr_line' id='line_1_25' title="bbox 146 3574 1164 3672; baseline -0.002 -25"><span class='ocrx_word' id='word_1_139' title='bbox 146 3581 260 3668; x_wconf 88' lang='lat' dir='ltr'>Quare</span> <span class='ocrx_word' id='word_1_140' title='bbox 280 3577 419 3646; x_wconf 86' lang='lat' dir='ltr'>Pliniani</span> <span class='ocrx_word' id='word_1_141' title='bbox 447 3579 555 3672; x_wconf 85' lang='lat' dir='ltr'>operis</span> <span class='ocrx_word' id='word_1_142' title='bbox 576 3574 783 3645; x_wconf 89' lang='lat' dir='ltr'>emaculandi</span> <span class='ocrx_word' id='word_1_143' title='bbox 806 3574 1069 3670; x_wconf 89' lang='lat' dir='ltr'>explanandique</span> <span class='ocrx_word' id='word_1_144' title='bbox 1088 3600 1164 3669; x_wconf 92' lang='lat' dir='ltr'>pro·</span> 
     </span>
     <span class='ocr_line' id='line_1_26' title="bbox 96 3682 1167 3778; baseline -0.001 -27"><span class='ocrx_word' id='word_1_145' title='bbox 96 3688 201 3754; x_wconf 76' lang='lat' dir='ltr'>vincia</span> <span class='ocrx_word' id='word_1_146' title='bbox 226 3685 376 3778; x_wconf 90' lang='lat' dir='ltr'>deposita</span> <span class='ocrx_word' id='word_1_147' title='bbox 402 3683 472 3752; x_wconf 81' lang='lat' dir='ltr'>fere</span> <span class='ocrx_word' id='word_1_148' title='bbox 499 3683 541 3751; x_wconf 90' lang='lat' dir='ltr'>ab</span> <span class='ocrx_word' id='word_1_149' title='bbox 568 3682 706 3751; x_wconf 89' lang='lat' dir='ltr'>cruditis</span> <span class='ocrx_word' id='word_1_150' title='bbox 732 3696 799 3768; x_wconf 87' lang='lat' dir='ltr'>cst,</span> <span class='ocrx_word' id='word_1_151' title='bbox 820 3707 963 3776; x_wconf 88' lang='lat' dir='ltr'>quornm</span> <span class='ocrx_word' id='word_1_152' title='bbox 992 3684 1026 3748; x_wconf 91' lang='lat' dir='ltr'>in</span> <span class='ocrx_word' id='word_1_153' title='bbox 1051 3683 1167 3750; x_wconf 92' lang='lat' dir='ltr'>animis</span> 
     </span>
     <span class='ocr_line' id='line_1_27' title="bbox 96 3789 1168 3884; baseline -0.003 -25"><span class='ocrx_word' id='word_1_154' title='bbox 96 3792 218 3861; x_wconf 88' lang='lat' dir='ltr'>scilicet</span> <span class='ocrx_word' id='word_1_155' title='bbox 245 3790 367 3859; x_wconf 88' lang='lat' dir='ltr'>insedit</span> <span class='ocrx_word' id='word_1_156' title='bbox 390 3791 520 3884; x_wconf 89' lang='lat' dir='ltr'>penitus</span> <span class='ocrx_word' id='word_1_157' title='bbox 544 3814 583 3858; x_wconf 90' lang='lat' dir='ltr'>ca</span> <span class='ocrx_word' id='word_1_158' title='bbox 612 3789 803 3884; x_wconf 88' lang='lat' dir='ltr'>persuasio,</span> <span class='ocrx_word' id='word_1_159' title='bbox 822 3789 876 3858; x_wconf 84' lang='lat' dir='ltr'>vel</span> <span class='ocrx_word' id='word_1_160' title='bbox 902 3803 1168 3883; x_wconf 89' lang='lat' dir='ltr'>quantacumque</span> 
     </span>
    </p>
   </div>
   <div class='ocr_carea' id='block_1_10' title="bbox 136 3947 690 4099">
    <p class='ocr_par' dir='ltr' id='par_1_11' title="bbox 136 3947 690 4099">
     <span class='ocr_line' id='line_1_28' title="bbox 138 3947 690 4027; baseline 0 -27"><span class='ocrx_word' id='word_1_161' title='bbox 138 3969 162 4003; x_wconf 91' lang='lat'>1.</span> <span class='ocrx_word' id='word_1_162' title='bbox 177 3951 263 4003; x_wconf 87' lang='lat' dir='ltr'>Plant.</span> <span class='ocrx_word' id='word_1_163' title='bbox 280 3949 309 3999; x_wconf 91' lang='lat' dir='ltr'>in</span> <span class='ocrx_word' id='word_1_164' title='bbox 325 3948 453 4011; x_wconf 80' lang='lat' dir='ltr'>Poenuto,</span> <span class='ocrx_word' id='word_1_165' title='bbox 470 3953 527 3999; x_wconf 83' lang='lat' dir='ltr'>Act.</span> <span class='ocrx_word' id='word_1_166' title='bbox 542 3949 569 4011; x_wconf 83' lang='lat'>1,</span> <span class='ocrx_word' id='word_1_167' title='bbox 580 3947 620 4000; x_wconf 87' lang='lat' dir='ltr'>Sc.</span> <span class='ocrx_word' id='word_1_168' title='bbox 636 3968 662 4000; x_wconf 68' lang='grc' dir='ltr'>α.</span> <span class='ocrx_word' id='word_1_169' title='bbox 684 4013 690 4027; x_wconf 35' lang='grc' dir='ltr'>ι</span> 
     </span>
     <span class='ocr_line' id='line_1_29' title="bbox 136 4026 528 4099; baseline -0.005 -18"><span class='ocrx_word' id='word_1_170' title='bbox 136 4049 161 4081; x_wconf 77' lang='lat'>2.</span> <span class='ocrx_word' id='word_1_171' title='bbox 175 4031 250 4099; x_wconf 77' lang='lat' dir='ltr'>Virg.</span> <span class='ocrx_word' id='word_1_172' title='bbox 267 4028 366 4097; x_wconf 78' lang='lat' dir='ltr'>Georg.</span> <span class='ocrx_word' id='word_1_173' title='bbox 383 4028 410 4091; x_wconf 88' lang='lat' dir='ltr'>l,</span> <span class='ocrx_word' id='word_1_174' title='bbox 423 4046 446 4079; x_wconf 80' lang='lat' dir='ltr'>v.</span> <span class='ocrx_word' id='word_1_175' title='bbox 465 4026 528 4080; x_wconf 82' lang='lat'>153.</span> 
     </span>
    </p>
   </div>
   <div class='ocr_carea' id='block_1_11' title="bbox 970 4106 1011 4173">
    <p class='ocr_par' dir='ltr' id='par_1_12' title="bbox 970 4106 1011 4173">
     <span class='ocr_line' id='line_1_30' title="bbox 970 4106 1011 4173; baseline 0 -23"><span class='ocrx_word' id='word_1_176' title='bbox 970 4106 1011 4173; x_wconf 51' lang='lat'>&amp;3</span> 
     </span>
    </p>
   </div>
   <div class='ocr_carea' id='block_1_12' title="bbox 0 0 1371 4800">
    <p class='ocr_par' dir='ltr' id='par_1_13' title="bbox 0 0 1371 4800">
     <span class='ocr_line' id='line_1_31' title="bbox 0 0 1371 4800; baseline 0 0"><span class='ocrx_word' id='word_1_177' title='bbox 0 0 1371 4800; x_wconf 95' lang='lat' dir='ltr'> </span> 
     </span>
    </p>
   </div>
  </div>
 </body>
</html>
